timestamp,raw,filtered
1760709565.8408084,1.31,1.441
1760709565.8461432,1.465,1.444
1760709565.8520157,1.607,1.46
1760709565.8574083,1.447,1.459
1760709565.8627398,1.347,1.447
1760709565.8680692,1.522,1.455
1760709565.873534,1.586,1.468
1760709565.8788857,1.362,1.457
1760709565.8842223,1.311,1.443
1760709565.8901594,1.538,1.452
1760709565.8955646,1.597,1.467
1760709565.9010577,1.371,1.457
1760709565.9063845,1.325,1.444
1760709565.9117966,1.496,1.449
1760709565.9171195,1.559,1.46
1760709565.9224625,1.363,1.45
1760709565.9277866,1.329,1.438
1760709565.9331095,1.501,1.445
1760709565.9384325,1.584,1.458
1760709565.9437625,1.375,1.45
1760709565.94909,1.276,1.433
1760709565.954417,1.505,1.44
1760709565.959738,1.575,1.453
1760709565.9650733,1.384,1.446
1760709565.9704034,1.322,1.434
1760709565.9757338,1.461,1.437
1760709565.981077,1.612,1.454
1760709565.9863994,1.405,1.449
1760709565.9918137,1.302,1.435
1760709565.9973083,1.546,1.446
1760709566.0027132,1.575,1.459
1760709566.0080462,1.335,1.446
1760709566.0134048,1.291,1.431
1760709566.01873,1.539,1.442
1760709566.0241594,1.576,1.455
1760709566.0298202,1.355,1.445
1760709566.0352724,1.293,1.43
1760709566.0409086,1.496,1.436
1760709566.0463135,1.581,1.451
1760709566.0519207,1.38,1.444
1760709566.0574813,1.34,1.433
1760709566.063087,1.519,1.442
1760709566.0685518,1.569,1.455
1760709566.0739572,1.334,1.443
1760709566.0798686,1.323,1.431
1760709566.0854726,1.518,1.439
1760709566.0913014,1.589,1.454
1760709566.0971298,1.34,1.443
1760709566.1025538,1.314,1.43
1760709566.107884,1.454,1.432
1760709566.1132283,1.588,1.448
1760709566.118632,1.363,1.44
1760709566.1240497,1.301,1.426
1760709566.1299872,1.563,1.439
1760709566.1358762,1.58,1.453
1760709566.1413574,1.38,1.446
1760709566.1471946,1.289,1.43
1760709566.153028,1.509,1.438
1760709566.158871,1.567,1.451
1760709566.164713,1.398,1.446
1760709566.1701338,1.326,1.434
1760709566.1755614,1.562,1.447
1760709566.18101,1.483,1.45
1760709566.1865141,1.398,1.445
1760709566.1919372,1.331,1.434
1760709566.1977844,1.546,1.445
1760709566.2036245,1.434,1.444
1760709566.2090487,1.342,1.434
1760709566.2144866,1.323,1.423
1760709566.2203202,1.55,1.435
1760709566.2258227,1.565,1.448
1760709566.2314384,1.351,1.439
1760709566.2373104,1.333,1.428
1760709566.2431464,1.55,1.44
1760709566.2489834,1.588,1.455
1760709566.2544043,1.359,1.445
1760709566.2599106,1.276,1.428
1760709566.2653909,1.542,1.44
1760709566.2708237,1.6,1.456
1760709566.2766585,1.348,1.445
1760709566.2820833,1.324,1.433
1760709566.2879162,1.543,1.444
1760709566.293783,1.595,1.459
1760709566.2992167,1.343,1.447
1760709566.3045542,1.322,1.435
1760709566.3098905,1.521,1.444
1760709566.3153436,1.586,1.458
1760709566.3208349,1.362,1.448
1760709566.3262444,1.333,1.437
1760709566.331648,1.545,1.447
1760709566.3370972,1.559,1.459
1760709566.3429246,1.345,1.447
1760709566.3487546,1.337,1.436
1760709566.354171,1.546,1.447
1760709566.3595834,1.577,1.46
1760709566.365471,1.354,1.449
1760709566.3713005,1.34,1.439
1760709566.3771348,1.534,1.448
1760709566.3829641,1.494,1.453
1760709566.3887966,1.348,1.442
1760709566.394209,1.341,1.432
1760709566.3998418,1.572,1.446
1760709566.4053073,1.571,1.459
1760709566.41073,1.379,1.451
1760709566.41614,1.33,1.439
1760709566.4219718,1.537,1.448
1760709566.4278054,1.566,1.46
1760709566.4336617,1.355,1.45
1760709566.4394486,1.297,1.434
1760709566.444882,1.559,1.447
1760709566.450316,1.564,1.458
1760709566.455808,1.375,1.45
1760709566.4613662,1.346,1.44
1760709566.4668436,1.545,1.45
1760709566.472679,1.571,1.462
1760709566.478135,1.353,1.451
1760709566.483964,1.333,1.439
1760709566.489449,1.535,1.449
1760709566.4948907,1.562,1.46
1760709566.5007234,1.317,1.446
1760709566.5065567,1.339,1.435
1760709566.5119734,1.588,1.45
1760709566.517422,1.572,1.463
1760709566.5228422,1.349,1.451
1760709566.5286684,1.3,1.436
1760709566.5341003,1.509,1.443
1760709566.539549,1.566,1.456
1760709566.544974,1.388,1.449
1760709566.5503845,1.38,1.442
1760709566.5558,1.546,1.452
1760709566.5613472,1.588,1.466
1760709566.566761,1.343,1.454
1760709566.5725908,1.33,1.441
1760709566.5779934,1.555,1.453
1760709566.5838215,1.558,1.463
1760709566.5896454,1.367,1.454
1760709566.5950663,1.322,1.44
1760709566.6008968,1.53,1.449
1760709566.60673,1.53,1.457
1760709566.612629,1.355,1.447
1760709566.6180632,1.237,1.426
1760709566.6235142,1.566,1.44
1760709566.6293855,1.577,1.454
1760709566.6352232,1.364,1.445
1760709566.6408927,1.384,1.439
1760709566.6463826,1.569,1.452
1760709566.6518168,1.623,1.469
1760709566.6576574,1.353,1.457
1760709566.6634917,1.332,1.445
1760709566.669365,1.556,1.456
1760709566.6750066,1.577,1.468
1760709566.680848,1.346,1.456
1760709566.6862717,1.354,1.446
1760709566.6917317,1.481,1.449
1760709566.6975691,1.607,1.465
1760709566.7034037,1.349,1.453
1760709566.7088137,1.325,1.441
1760709566.714231,1.56,1.452
1760709566.719764,1.592,1.466
1760709566.7256155,1.342,1.454
1760709566.731042,1.329,1.441
1760709566.7369344,1.578,1.455
1760709566.7423472,1.565,1.466
1760709566.7481792,1.336,1.453
1760709566.753879,1.343,1.442
1760709566.7595422,1.552,1.453
1760709566.764968,1.534,1.461
1760709566.7703793,1.34,1.449
1760709566.7760015,1.367,1.441
1760709566.7814734,1.571,1.454
1760709566.7868872,1.534,1.462
1760709566.7924936,1.317,1.447
1760709566.7979734,1.346,1.437
1760709566.8036754,1.556,1.449
1760709566.8091161,1.54,1.458
1760709566.8145492,1.336,1.446
1760709566.8203595,1.34,1.435
1760709566.8259706,1.56,1.448
1760709566.831416,1.571,1.46
1760709566.837308,1.354,1.45
1760709566.8426468,1.34,1.439
1760709566.847974,1.551,1.45
1760709566.8533266,1.553,1.46
1760709566.858657,1.328,1.447
1760709566.8639832,1.341,1.436
1760709566.8693414,1.542,1.447
1760709566.8746736,1.546,1.457
1760709566.8800044,1.332,1.444
1760709566.8853505,1.324,1.432
1760709566.8906791,1.561,1.445
1760709566.8960068,1.6,1.461
1760709566.9013572,1.332,1.448
1760709566.9066842,1.326,1.436
1760709566.9122427,1.569,1.449
1760709566.9175737,1.56,1.46
1760709566.9229195,1.341,1.448
1760709566.92833,1.173,1.421
1760709566.9336007,1.49,1.428
1760709566.938938,1.526,1.437
1760709566.9442704,1.341,1.428
1760709566.949812,1.289,1.414
1760709566.9551451,1.524,1.425
1760709566.9604714,1.558,1.438
1760709566.9658139,1.319,1.426
1760709566.9711542,1.328,1.417
1760709566.9764946,1.588,1.434
1760709566.981941,1.592,1.449
1760709566.9872615,1.33,1.438
1760709566.9925888,1.364,1.43
1760709566.9979196,1.581,1.445
1760709567.003246,1.592,1.46
1760709567.0085742,1.344,1.448
1760709567.0139055,1.337,1.437
1760709567.019234,1.595,1.453
1760709567.0245614,1.565,1.464
1760709567.0298877,1.352,1.453
1760709567.0352156,1.363,1.444
1760709567.0405612,1.584,1.458
1760709567.0458841,1.589,1.471
1760709567.0512242,1.369,1.461
1760709567.0566566,1.369,1.452
1760709567.0620825,1.646,1.471
1760709567.0675232,1.586,1.483
1760709567.0730324,1.332,1.468
1760709567.0788774,1.355,1.456
1760709567.0847042,1.609,1.472
1760709567.0901191,1.55,1.479
1760709567.0957313,1.342,1.466
1760709567.1014047,1.341,1.453
1760709567.1072361,1.579,1.466
1760709567.1130683,1.555,1.475
1760709567.1188736,1.328,1.46
1760709567.1243794,1.343,1.448
1760709567.129964,1.549,1.458
1760709567.1357973,1.546,1.467
1760709567.1412923,1.304,1.451
1760709567.1471262,1.38,1.444
1760709567.152962,1.513,1.451
1760709567.1584296,1.559,1.462
1760709567.1642659,1.32,1.447
1760709567.1696947,1.334,1.436
1760709567.1755261,1.615,1.454
1760709567.1814353,1.572,1.466
1760709567.1868749,1.328,1.452
1760709567.1927097,1.294,1.436
1760709567.1981785,1.57,1.45
1760709567.2040145,1.534,1.458
1760709567.2095857,1.311,1.443
1760709567.2154233,1.344,1.433
1760709567.2208545,1.586,1.449
1760709567.226491,1.546,1.458
1760709567.2323198,1.318,1.444
1760709567.2380176,1.354,1.435
1760709567.243846,1.55,1.447
1760709567.249342,1.524,1.454
1760709567.2551706,1.295,1.439
1760709567.2610004,1.333,1.428
1760709567.2664232,1.581,1.443
1760709567.2722538,1.537,1.453
1760709567.2780907,1.333,1.441
1760709567.2839196,1.355,1.432
1760709567.2898483,1.594,1.448
1760709567.2957509,1.482,1.452
1760709567.3011713,1.237,1.43
1760709567.3065279,1.398,1.427
1760709567.3119416,1.612,1.445
1760709567.31751,1.54,1.455
1760709567.3233397,1.321,1.441
1760709567.3292294,1.342,1.432
1760709567.3347354,1.586,1.447
1760709567.3401835,1.546,1.457
1760709567.345966,1.295,1.441
1760709567.3517988,1.355,1.432
1760709567.357651,1.569,1.446
1760709567.3634803,1.509,1.452
1760709567.3693542,1.3,1.437
1760709567.3748598,1.358,1.429
1760709567.3807015,1.586,1.445
1760709567.386192,1.558,1.456
1760709567.3918824,1.318,1.442
1760709567.397561,1.382,1.436
1760709567.4029987,1.574,1.45
1760709567.4084127,1.54,1.459
1760709567.4139707,1.301,1.443
1760709567.4194558,1.34,1.433
1760709567.4253173,1.587,1.448
1760709567.4307356,1.548,1.458
1760709567.436149,1.218,1.434
1760709567.4418235,1.368,1.428
1760709567.447655,1.612,1.446
1760709567.4535275,1.56,1.457
1760709567.4590387,1.323,1.444
1760709567.4648666,1.343,1.434
1760709567.4702778,1.601,1.451
1760709567.4760144,1.548,1.46
1760709567.4814436,1.315,1.446
1760709567.487273,1.362,1.438
1760709567.493101,1.579,1.452
1760709567.4986424,1.527,1.459
1760709567.5044744,1.289,1.442
1760709567.5099633,1.366,1.435
1760709567.5158243,1.604,1.451
1760709567.5214791,1.548,1.461
1760709567.5268853,1.336,1.449
1760709567.5326595,1.372,1.441
1760709567.538072,1.586,1.455
1760709567.5439,1.546,1.465
1760709567.5493553,1.304,1.448
1760709567.5608113,1.402,1.382
1760709567.566242,1.501,1.394
1760709567.5715828,1.393,1.394
1760709567.5769136,1.268,1.382
1760709567.582246,1.368,1.38
1760709567.587589,1.509,1.393
1760709567.5929248,1.397,1.394
1760709567.5982664,1.266,1.381
1760709567.6036112,1.396,1.382
1760709567.6089382,1.479,1.392
1760709567.6142423,1.364,1.389
1760709567.6195745,1.237,1.374
1760709567.6249027,1.366,1.373
1760709567.6302328,1.483,1.384
1760709567.6356244,1.375,1.383
1760709567.6409528,1.237,1.369
1760709567.6462843,1.367,1.368
1760709567.6516204,1.458,1.377
1760709567.65695,1.366,1.376
1760709567.6623006,1.278,1.366
1760709567.667708,1.418,1.371
1760709567.6733584,1.501,1.384
1760709567.6789663,1.398,1.386
1760709567.6845424,1.272,1.374
1760709567.689964,1.354,1.372
1760709567.6954105,1.492,1.384
1760709567.7008383,1.395,1.385
1760709567.706467,1.288,1.376
1760709567.7121065,1.394,1.378
1760709567.717568,1.485,1.388
1760709567.7229886,1.405,1.39
1760709567.7286,1.305,1.381
1760709567.734212,1.403,1.384
1760709567.7398455,1.532,1.398
1760709567.7454503,1.444,1.403
1760709567.7508533,1.326,1.395
1760709567.7566774,1.418,1.398
1760709567.7620823,1.492,1.407
1760709567.7675211,1.381,1.404
1760709567.7729726,1.293,1.393
1760709567.7784796,1.394,1.393
1760709567.7843142,1.546,1.409
1760709567.789741,1.383,1.406
1760709567.795179,1.297,1.395
1760709567.800475,1.382,1.394
1760709567.8058083,1.499,1.404
1760709567.811135,1.431,1.407
1760709567.8164613,1.237,1.39
1760709567.821763,1.391,1.39
1760709567.827095,1.51,1.402
1760709567.8323925,1.394,1.401
1760709567.8380778,1.3,1.391
1760709567.8437893,1.387,1.391
1760709567.849127,1.488,1.4
1760709567.8547523,1.393,1.4
1760709567.8605907,1.301,1.39
1760709567.8660033,1.38,1.389
1760709567.8714132,1.496,1.4
1760709567.877434,1.393,1.399
1760709567.8828459,1.34,1.393
1760709567.8886738,1.405,1.394
1760709567.8940532,1.537,1.409
1760709567.8998864,1.404,1.408
1760709567.9053495,1.305,1.398
1760709567.9106815,1.361,1.394
1760709567.9160945,1.496,1.404
1760709567.921973,1.403,1.404
1760709567.9273038,1.297,1.394
1760709567.9326365,1.405,1.395
1760709567.9379659,1.456,1.401
1760709567.9432983,1.384,1.399
1760709567.9486334,1.276,1.387
1760709567.9539697,1.442,1.392
1760709567.959321,1.543,1.407
1760709567.9646614,1.426,1.409
1760709567.9699886,1.274,1.396
1760709567.9752908,1.37,1.393
1760709567.9806178,1.484,1.402
1760709567.9859738,1.363,1.398
1760709567.9913828,1.272,1.386
1760709567.9973822,1.392,1.386
1760709568.002877,1.498,1.397
1760709568.0082061,1.38,1.396
1760709568.0136864,1.257,1.382
1760709568.0190117,1.391,1.383
1760709568.0244153,1.523,1.397
1760709568.0298874,1.426,1.4
1760709568.0353038,1.29,1.389
1760709568.040748,1.379,1.388
1760709568.046202,1.521,1.401
1760709568.0520391,1.399,1.401
1760709568.0575516,1.313,1.392
1760709568.0630803,1.457,1.399
1760709568.0689268,1.527,1.411
1760709568.0748284,1.388,1.409
1760709568.0806582,1.289,1.397
1760709568.0860713,1.397,1.397
1760709568.0918555,1.495,1.407
1760709568.0976946,1.368,1.403
1760709568.1035388,1.308,1.393
1760709568.1089647,1.411,1.395
1760709568.1148367,1.546,1.41
1760709568.1206732,1.405,1.41
1760709568.1261442,1.302,1.399
1760709568.1315725,1.417,1.401
1760709568.1374464,1.535,1.414
1760709568.1432815,1.401,1.413
1760709568.14912,1.301,1.402
1760709568.1549957,1.411,1.403
1760709568.1607966,1.537,1.416
1760709568.1662152,1.416,1.416
1760709568.1720486,1.305,1.405
1760709568.177889,1.423,1.407
1760709568.1837156,1.501,1.416
1760709568.189586,1.405,1.415
1760709568.195067,1.323,1.406
1760709568.200487,1.443,1.41
1760709568.2064712,1.481,1.417
1760709568.2121592,1.391,1.414
1760709568.217823,1.289,1.402
1760709568.2233796,1.477,1.409
1760709568.2288923,1.548,1.423
1760709568.2343528,1.447,1.425
1760709568.2398102,1.33,1.416
1760709568.2453506,1.472,1.421
1760709568.250886,1.519,1.431
1760709568.2567215,1.362,1.424
1760709568.2621338,1.295,1.411
1760709568.2680855,1.409,1.411
1760709568.2736256,1.506,1.421
1760709568.279463,1.388,1.417
1760709568.2849152,1.289,1.405
1760709568.2903354,1.398,1.404
1760709568.2958183,1.497,1.413
1760709568.3012705,1.418,1.414
1760709568.306607,1.347,1.407
1760709568.3123786,1.453,1.412
1760709568.3178203,1.56,1.426
1760709568.3233163,1.424,1.426
1760709568.3291757,1.343,1.418
1760709568.3351352,1.466,1.423
1760709568.3407605,1.547,1.435
1760709568.3466291,1.426,1.434
1760709568.352464,1.303,1.421
1760709568.3579752,1.434,1.422
1760709568.363804,1.48,1.428
1760709568.3692756,1.403,1.426
1760709568.3751137,1.272,1.41
1760709568.3807456,1.381,1.407
1760709568.3861616,1.49,1.416
1760709568.3918326,1.405,1.415
1760709568.3976727,1.31,1.404
1760709568.4031122,1.39,1.403
1760709568.4085548,1.496,1.412
1760709568.413993,1.401,1.411
1760709568.4196122,1.293,1.399
1760709568.4254763,1.38,1.397
1760709568.4310915,1.513,1.409
1760709568.4369197,1.38,1.406
1760709568.4427757,1.279,1.393
1760709568.448607,1.363,1.39
1760709568.454049,1.522,1.403
1760709568.4595563,1.395,1.403
1760709568.465448,1.299,1.392
1760709568.470888,1.407,1.394
1760709568.4767559,1.49,1.403
1760709568.48218,1.407,1.404
1760709568.4880064,1.332,1.397
1760709568.4938686,1.405,1.397
1760709568.4992864,1.537,1.411
1760709568.5047133,1.423,1.412
1760709568.5102088,1.334,1.405
1760709568.5156922,1.473,1.411
1760709568.5213022,1.55,1.425
1760709568.5271325,1.429,1.426
1760709568.533078,1.302,1.413
1760709568.5389128,1.458,1.418
1760709568.5443661,1.537,1.43
1760709568.5500424,1.382,1.425
1760709568.5554886,1.306,1.413
1760709568.5609179,1.42,1.414
1760709568.5667672,1.517,1.424
1760709568.572628,1.392,1.421
1760709568.5780828,1.317,1.41
1760709568.5834982,1.43,1.412
1760709568.589374,1.506,1.422
1760709568.5948153,1.407,1.42
1760709568.6002114,1.346,1.413
1760709568.6056304,1.442,1.416
1760709568.6111119,1.55,1.429
1760709568.6170015,1.418,1.428
1760709568.622836,1.351,1.42
1760709568.6286771,1.472,1.425
1760709568.6341147,1.56,1.439
1760709568.639487,1.42,1.437
1760709568.6448898,1.333,1.427
1760709568.65028,1.455,1.429
1760709568.6559207,1.534,1.44
1760709568.6613648,1.427,1.439
1760709568.6668031,1.345,1.429
1760709568.6726427,1.474,1.434
1760709568.6784775,1.53,1.443
1760709568.6838968,1.413,1.44
1760709568.6893892,1.318,1.428
1760709568.6948025,1.467,1.432
1760709568.7006402,1.546,1.443
1760709568.7060554,1.413,1.44
1760709568.712024,1.368,1.433
1760709568.7175136,1.459,1.436
1760709568.7233427,1.558,1.448
1760709568.7291777,1.418,1.445
1760709568.7351134,1.39,1.44
1760709568.7407465,1.455,1.441
1760709568.746582,1.519,1.449
1760709568.7524204,1.405,1.444
1760709568.7579958,1.324,1.432
1760709568.7638245,1.431,1.432
1760709568.7697055,1.533,1.442
1760709568.775547,1.382,1.436
1760709568.7809944,1.336,1.426
1760709568.7868283,1.457,1.429
1760709568.7922876,1.525,1.439
1760709568.7979608,1.38,1.433
1760709568.8037949,1.31,1.421
1760709568.8092883,1.401,1.419
1760709568.8151426,1.496,1.427
1760709568.8205962,1.369,1.421
1760709568.8260696,1.344,1.413
1760709568.831484,1.431,1.415
1760709568.8369277,1.553,1.429
1760709568.842781,1.405,1.426
1760709568.848476,1.34,1.418
1760709568.8539608,1.445,1.42
1760709568.8593473,1.509,1.429
1760709568.8652296,1.375,1.424
1760709568.8706493,1.302,1.412
1760709568.8760796,1.422,1.413
1760709568.8815153,1.496,1.421
1760709568.887341,1.374,1.416
1760709568.8931708,1.279,1.403
1760709568.8985903,1.458,1.408
1760709568.904225,1.517,1.419
1760709568.9096172,1.384,1.416
1760709568.9151313,1.325,1.406
1760709568.9204915,1.445,1.41
1760709568.925822,1.509,1.42
1760709568.931154,1.371,1.415
1760709568.936485,1.319,1.406
1760709568.941815,1.43,1.408
1760709568.9471438,1.469,1.414
1760709568.9524732,1.328,1.406
1760709568.9577954,1.258,1.391
1760709568.9631317,1.359,1.388
1760709568.9684658,1.482,1.397
1760709568.9738092,1.355,1.393
1760709568.9791303,1.297,1.383
1760709568.9845486,1.432,1.388
1760709568.990025,1.506,1.4
1760709568.9957407,1.43,1.403
1760709569.0011296,1.291,1.392
1760709569.006458,1.42,1.395
1760709569.0118012,1.503,1.405
1760709569.0172646,1.343,1.399
1760709569.0229614,1.284,1.388
1760709569.0285108,1.419,1.391
1760709569.0339637,1.504,1.402
1760709569.0398962,1.354,1.397
1760709569.0453455,1.308,1.388
1760709569.0512326,1.397,1.389
1760709569.05706,1.513,1.402
1760709569.0629919,1.363,1.398
1760709569.0688174,1.334,1.391
1760709569.0746505,1.467,1.399
1760709569.0804944,1.509,1.41
1760709569.0859063,1.378,1.407
1760709569.091755,1.312,1.397
1760709569.0975947,1.463,1.404
1760709569.103428,1.509,1.414
1760709569.108767,1.372,1.41
1760709569.114167,1.302,1.399
1760709569.119704,1.442,1.403
1760709569.1255507,1.499,1.413
1760709569.1313992,1.363,1.408
1760709569.1368608,1.3,1.397
1760709569.142658,1.455,1.403
1760709569.1484742,1.546,1.417
1760709569.1539748,1.359,1.412
1760709569.1595957,1.304,1.401
1760709569.1654768,1.443,1.405
1760709569.1711276,1.511,1.416
1760709569.1769612,1.354,1.409
1760709569.1824048,1.276,1.396
1760709569.1882312,1.445,1.401
1760709569.1939666,1.512,1.412
1760709569.1994243,1.354,1.406
1760709569.2048483,1.301,1.396
1760709569.210277,1.43,1.399
1760709569.2157607,1.496,1.409
1760709569.2212048,1.354,1.403
1760709569.227047,1.306,1.394
1760709569.2327168,1.44,1.398
1760709569.2384079,1.501,1.408
1760709569.244239,1.366,1.404
1760709569.2496574,1.315,1.395
1760709569.2551079,1.423,1.398
1760709569.260735,1.479,1.406
1760709569.2661605,1.414,1.407
1760709569.2719946,1.317,1.398
1760709569.2778435,1.459,1.404
1760709569.2836728,1.519,1.416
1760709569.2891185,1.342,1.408
1760709569.2946332,1.264,1.394
1760709569.3004763,1.442,1.399
1760709569.3058083,1.525,1.411
1760709569.311149,1.575,1.428
1760709569.3165658,1.841,1.469
1760709569.3220718,1.974,1.52
1760709569.3279045,1.912,1.559
1760709569.3333719,1.82,1.585
1760709569.3392012,1.544,1.581
1760709569.3448937,1.461,1.569
1760709569.3503196,1.424,1.554
1760709569.3558214,1.231,1.522
1760709569.361279,1.172,1.487
1760709569.366758,1.314,1.47
1760709569.3725898,1.38,1.461
1760709569.3780758,1.295,1.444
1760709569.3839073,1.195,1.419
1760709569.3895102,1.316,1.409
1760709569.3949428,1.405,1.408
1760709569.400287,1.328,1.4
1760709569.4057033,1.235,1.384
1760709569.4116724,1.369,1.382
1760709569.417151,1.422,1.386
1760709569.422587,1.343,1.382
1760709569.4284232,1.337,1.378
1760709569.4339688,1.419,1.382
1760709569.4398127,1.419,1.385
1760709569.4454212,1.293,1.376
1760709569.4512947,1.199,1.358
1760709569.4567342,1.405,1.363
1760709569.4621687,1.437,1.371
1760709569.4675906,1.313,1.365
1760709569.4731069,1.311,1.359
1760709569.4789414,1.435,1.367
1760709569.4847796,1.467,1.377
1760709569.4906695,1.334,1.373
1760709569.496499,1.292,1.365
1760709569.5019732,1.446,1.373
1760709569.5073607,1.483,1.384
1760709569.512676,1.326,1.378
1760709569.5179994,1.314,1.372
1760709569.5233312,1.467,1.381
1760709569.528662,1.509,1.394
1760709569.5339937,1.372,1.392
1760709569.5393257,1.305,1.383
1760709569.5446835,1.457,1.39
1760709569.5500197,1.491,1.4
1760709569.5553555,1.336,1.394
1760709569.5606577,1.305,1.385
1760709569.5660045,1.492,1.396
1760709569.5713933,1.514,1.408
1760709569.5767252,1.34,1.401
1760709569.5820575,1.302,1.391
1760709569.587389,1.492,1.401
1760709569.5927231,1.509,1.412
1760709569.598094,1.359,1.407
1760709569.6034353,1.372,1.403
1760709569.608793,1.511,1.414
1760709569.6141188,1.506,1.423
1760709569.6194458,1.342,1.415
1760709569.624859,1.312,1.405
1760709569.6302836,1.479,1.412
1760709569.6357236,1.482,1.419
1760709569.641249,1.325,1.41
1760709569.6470752,1.322,1.401
1760709569.6529045,1.469,1.408
1760709569.6583843,1.462,1.413
1760709569.6642144,1.301,1.402
1760709569.6696465,1.303,1.392
1760709569.6755652,1.466,1.399
1760709569.6815133,1.474,1.407
1760709569.6873481,1.33,1.399
1760709569.6932244,1.357,1.395
1760709569.698753,1.54,1.409
1760709569.7043376,1.533,1.422
1760709569.7097392,1.372,1.417
1760709569.7151651,1.31,1.406
1760709569.7207797,1.492,1.415
1760709569.7264092,1.519,1.425
1760709569.7318554,1.339,1.416
1760709569.7377007,1.324,1.407
1760709569.7435405,1.455,1.412
1760709569.7489762,1.483,1.419
1760709569.754373,1.308,1.408
1760709569.760204,1.319,1.399
1760709569.7658298,1.473,1.406
1760709569.7716634,1.494,1.415
1760709569.7775466,1.379,1.412
1760709569.7833788,1.352,1.406
1760709569.7892523,1.487,1.414
1760709569.7946658,1.497,1.422
1760709569.8005173,1.392,1.419
1760709569.805989,1.333,1.41
1760709569.811421,1.509,1.42
1760709569.8169096,1.556,1.434
1760709569.8228412,1.379,1.428
1760709569.8286765,1.371,1.423
1760709569.8341002,1.534,1.434
1760709569.8399334,1.551,1.445
1760709569.84581,1.389,1.44
1760709569.851645,1.31,1.427
1760709569.8570874,1.491,1.433
1760709569.862924,1.493,1.439
1760709569.8683324,1.32,1.427
1760709569.873745,1.346,1.419
1760709569.8795779,1.481,1.425
1760709569.8849988,1.517,1.434
1760709569.8904197,1.34,1.425
1760709569.8964055,1.334,1.416
1760709569.9019644,1.492,1.423
1760709569.9078004,1.511,1.432
1760709569.9132464,1.384,1.427
1760709569.918586,1.39,1.424
1760709569.9239178,1.632,1.444
1760709569.929558,1.562,1.456
1760709569.9348886,1.38,1.449
1760709569.9402306,1.344,1.438
1760709569.9456105,1.481,1.442
1760709569.9509366,1.479,1.446
1760709569.9562683,1.337,1.435
1760709569.9615858,1.332,1.425
1760709569.9668815,1.476,1.43
1760709569.972209,1.482,1.435
1760709569.9775121,1.237,1.415
1760709569.9828389,1.347,1.408
1760709569.9884474,1.523,1.42
1760709569.993872,1.573,1.435
1760709569.9992824,1.449,1.437
1760709570.0046508,1.418,1.435
1760709570.0100274,1.545,1.446
1760709570.015442,1.533,1.454
1760709570.0208426,1.358,1.445
1760709570.0262482,1.353,1.436
1760709570.031757,1.498,1.442
1760709570.0373914,1.489,1.447
1760709570.0429997,1.319,1.434
1760709570.0484204,1.314,1.422
1760709570.0538535,1.457,1.425
1760709570.0593245,1.466,1.429
1760709570.0647395,1.285,1.415
1760709570.0701554,1.308,1.404
1760709570.0755734,1.5,1.414
1760709570.081224,1.505,1.423
1760709570.0870507,1.29,1.41
1760709570.092884,1.38,1.407
1760709570.0987804,1.523,1.418
1760709570.1042929,1.566,1.433
1760709570.1097133,1.401,1.43
1760709570.1151848,1.396,1.426
1760709570.1206028,1.54,1.438
1760709570.126033,1.523,1.446
1760709570.1314685,1.364,1.438
1760709570.1373417,1.388,1.433
1760709570.1431754,1.511,1.441
1760709570.1490128,1.528,1.45
1760709570.1544409,1.343,1.439
1760709570.1603699,1.33,1.428
1760709570.165838,1.487,1.434
1760709570.1718822,1.445,1.435
1760709570.1773267,1.337,1.425
1760709570.1827362,1.38,1.421
1760709570.1885655,1.483,1.427
1760709570.1940148,1.535,1.438
1760709570.1996894,1.361,1.43
1760709570.2053807,1.361,1.423
1760709570.2108083,1.525,1.433
1760709570.216219,1.527,1.443
1760709570.2215512,1.393,1.438
1760709570.2269576,1.361,1.43
1760709570.2323265,1.547,1.442
1760709570.2379808,1.543,1.452
1760709570.243814,1.355,1.442
1760709570.2492669,1.361,1.434
1760709570.2546968,1.538,1.444
1760709570.2605338,1.55,1.455
1760709570.2659566,1.302,1.44
1760709570.2717907,1.363,1.432
1760709570.2776322,1.446,1.433
1760709570.2834642,1.53,1.443
1760709570.2888863,1.347,1.433
1760709570.2943416,1.372,1.427
1760709570.299766,1.547,1.439
1760709570.30521,1.546,1.45
1760709570.3105557,1.361,1.441
1760709570.3158908,1.355,1.433
1760709570.3212495,1.504,1.44
1760709570.3266528,1.537,1.449
1760709570.3321018,1.312,1.436
1760709570.3379605,1.366,1.429
1760709570.3437903,1.539,1.44
1760709570.3492568,1.534,1.449
1760709570.3547273,1.372,1.441
1760709570.3605607,1.311,1.428
1760709570.3659694,1.521,1.438
1760709570.3717713,1.517,1.446
1760709570.3776138,1.361,1.437
1760709570.3834445,1.429,1.436
1760709570.3893137,1.513,1.444
1760709570.3947947,1.501,1.45
1760709570.40063,1.33,1.438
1760709570.4060543,1.378,1.432
1760709570.4116309,1.507,1.439
1760709570.4173453,1.503,1.446
1760709570.4231787,1.385,1.44
1760709570.429014,1.426,1.438
1760709570.4344418,1.601,1.455
1760709570.4403143,1.584,1.468
1760709570.4457347,1.401,1.461
1760709570.451568,1.415,1.456
1760709570.4574418,1.534,1.464
1760709570.4632723,1.496,1.467
1760709570.468914,1.311,1.452
1760709570.4743583,1.368,1.443
1760709570.4799016,1.439,1.443
1760709570.4856827,1.482,1.447
1760709570.4911487,1.333,1.435
1760709570.4969788,1.405,1.432
1760709570.5028148,1.568,1.446
1760709570.5082383,1.575,1.459
1760709570.5139601,1.401,1.453
1760709570.5194118,1.421,1.45
1760709570.5252812,1.561,1.461
1760709570.5307882,1.534,1.468
1760709570.5362813,1.365,1.458
1760709570.5418386,1.38,1.45
1760709570.5476708,1.542,1.459
1760709570.5535564,1.509,1.464
1760709570.5589674,1.321,1.45
1760709570.5647972,1.335,1.438
1760709570.5702145,1.521,1.447
1760709570.5756857,1.506,1.453
1760709570.581101,1.339,1.441
1760709570.586508,1.387,1.436
1760709570.5919445,1.559,1.448
1760709570.5977976,1.532,1.457
1760709570.6032054,1.37,1.448
1760709570.6085742,1.426,1.446
1760709570.6139052,1.584,1.46
1760709570.6192372,1.558,1.469
1760709570.6245837,1.389,1.461
1760709570.629941,1.414,1.457
1760709570.6353796,1.578,1.469
1760709570.640712,1.54,1.476
1760709570.646118,1.371,1.465
1760709570.6519415,1.394,1.458
1760709570.6578588,1.559,1.468
1760709570.6636875,1.509,1.472
1760709570.6691613,1.379,1.463
1760709570.6745734,1.398,1.456
1760709570.6800292,1.572,1.468
1760709570.6854866,1.546,1.476
1760709570.6909811,1.345,1.463
1760709570.6964715,1.409,1.457
1760709570.7019656,1.582,1.47
1760709570.7078063,1.552,1.478
1760709570.7136574,1.404,1.471
1760709570.7190783,1.43,1.467
1760709570.7244675,1.577,1.478
1760709570.7298758,1.557,1.486
1760709570.73568,1.38,1.475
1760709570.7410934,1.423,1.47
1760709570.746941,1.588,1.482
1760709570.7527702,1.538,1.487
1760709570.7582104,1.509,1.49
1760709570.7640448,1.513,1.492
1760709570.7695036,1.633,1.506
1760709570.7753353,1.502,1.506
1760709570.7807848,1.335,1.489
1760709570.7862058,1.355,1.475
1760709570.7918258,1.53,1.481
1760709570.79768,1.483,1.481
1760709570.8031187,1.352,1.468
1760709570.8085122,1.409,1.462
1760709570.8139334,1.585,1.475
1760709570.8193514,1.532,1.48
1760709570.8252134,1.354,1.468
1760709570.830626,1.354,1.456
1760709570.836031,1.565,1.467
1760709570.841478,1.501,1.47
1760709570.8473077,1.309,1.454
1760709570.8531413,1.328,1.442
1760709570.858617,1.509,1.448
1760709570.8644445,1.486,1.452
1760709570.8698475,1.316,1.439
1760709570.8756368,1.377,1.432
1760709570.8810701,1.532,1.442
1760709570.8869,1.483,1.446
1760709570.892729,1.328,1.435
1760709570.8981693,1.385,1.43
1760709570.9036124,1.553,1.442
1760709570.9090207,1.52,1.45
1760709570.9144397,1.367,1.441
1760709570.9197905,1.409,1.438
1760709570.925121,1.567,1.451
1760709570.9304469,1.52,1.458
1760709570.9358113,1.355,1.448
1760709570.9411418,1.398,1.443
1760709570.946472,1.543,1.453
1760709570.9518027,1.513,1.459
1760709570.9571304,1.349,1.448
1760709570.9624631,1.382,1.441
1760709570.967806,1.537,1.451
1760709570.973138,1.485,1.454
1760709570.9784665,1.38,1.447
1760709570.9837983,1.424,1.445
1760709570.9891293,1.603,1.46
1760709570.9944592,1.53,1.467
1760709570.9997876,1.343,1.455
1760709571.005243,1.393,1.449
1760709571.0106115,1.546,1.459
1760709571.015975,1.508,1.463
1760709571.0214863,1.338,1.451
1760709571.026813,1.394,1.445
1760709571.0321405,1.569,1.458
1760709571.0374794,1.519,1.464
1760709571.042808,1.456,1.463
1760709571.0481367,1.426,1.459
1760709571.0539293,1.549,1.468
1760709571.0592546,1.501,1.472
1760709571.0645814,1.328,1.457
1760709571.0699258,1.351,1.447
1760709571.0752301,1.524,1.454
1760709571.0805588,1.507,1.46
1760709571.085886,1.318,1.445
1760709571.0912106,1.371,1.438
1760709571.096539,1.549,1.449
1760709571.1018674,1.5,1.454
1760709571.1072006,1.385,1.447
1760709571.1125245,1.391,1.442
1760709571.1178548,1.578,1.455
1760709571.1231837,1.508,1.46
1760709571.1285105,1.416,1.456
1760709571.1338396,1.428,1.453
1760709571.1391668,1.59,1.467
1760709571.1444964,1.514,1.472
1760709571.1498425,1.381,1.463
1760709571.1551797,1.432,1.46
1760709571.1605082,1.626,1.476
1760709571.1658375,1.534,1.482
1760709571.1711705,1.385,1.472
1760709571.176498,1.417,1.467
1760709571.1818275,1.569,1.477
1760709571.1871564,1.549,1.484
1760709571.1924808,1.397,1.476
1760709571.197809,1.417,1.47
1760709571.2031379,1.54,1.477
1760709571.2086525,1.507,1.48
1760709571.21398,1.378,1.47
1760709571.2193742,1.479,1.47
1760709571.224703,1.534,1.477
1760709571.2300591,1.476,1.477
1760709571.2353835,1.311,1.46
1760709571.2410333,1.368,1.451
1760709571.2463639,1.513,1.457
1760709571.251696,1.469,1.458
1760709571.2570252,1.348,1.447
1760709571.2623558,1.38,1.44
1760709571.2676852,1.632,1.46
1760709571.2730136,1.506,1.464
1760709571.2783954,1.268,1.445
1760709571.2843277,1.37,1.437
1760709571.2897859,1.621,1.456
1760709571.2952285,1.525,1.462
1760709571.3011324,1.327,1.449
1760709571.3065574,1.376,1.442
1760709571.3119426,1.517,1.449
1760709571.3172884,1.479,1.452
1760709571.322613,1.308,1.438
1760709571.3279347,1.378,1.432
1760709571.3332856,1.607,1.449
1760709571.338612,1.517,1.456
1760709571.3439984,1.345,1.445
1760709571.3493674,1.391,1.44
1760709571.3552577,1.519,1.448
1760709571.3607256,1.471,1.45
1760709571.366143,1.277,1.433
1760709571.371968,1.389,1.428
1760709571.377829,1.546,1.44
1760709571.3832626,1.492,1.445
1760709571.389088,1.318,1.432
1760709571.394531,1.39,1.428
1760709571.400067,1.563,1.442
1760709571.405539,1.457,1.443
1760709571.4109578,1.281,1.427
1760709571.416541,1.332,1.417
1760709571.421946,1.483,1.424
1760709571.427771,1.439,1.426
1760709571.433718,1.319,1.415
1760709571.4395087,1.367,1.41
1760709571.4452665,1.56,1.425
1760709571.4507043,1.509,1.433
1760709571.4561157,1.328,1.423
1760709571.4616199,1.43,1.424
1760709571.4670923,1.599,1.441
1760709571.4729183,1.523,1.449
1760709571.4787788,1.354,1.44
1760709571.4845004,1.41,1.437
1760709571.4903839,1.55,1.448
1760709571.4960122,1.504,1.454
1760709571.5018563,1.33,1.441
1760709571.5072622,1.376,1.435
1760709571.5128624,1.538,1.445
1760709571.518196,1.443,1.445
1760709571.5236304,1.307,1.431
1760709571.529494,1.38,1.426
1760709571.535328,1.558,1.439
1760709571.5409868,1.484,1.444
1760709571.5469666,1.339,1.433
1760709571.5527983,1.359,1.426
1760709571.5587325,1.534,1.437
1760709571.5641513,1.509,1.444
1760709571.569733,1.354,1.435
1760709571.5750678,1.437,1.435
1760709571.5804017,1.592,1.451
1760709571.5857303,1.505,1.456
1760709571.5910647,1.289,1.439
1760709571.5964074,1.351,1.431
1760709571.601748,1.517,1.439
1760709571.607111,1.406,1.436
1760709571.6124418,1.237,1.416
1760709571.617777,1.336,1.408
1760709571.623106,1.517,1.419
1760709571.6284356,1.495,1.426
1760709571.6337638,1.351,1.419
1760709571.6391208,1.446,1.422
1760709571.644471,1.629,1.442
1760709571.650084,1.54,1.452
1760709571.6554174,1.395,1.446
1760709571.6608462,1.461,1.448
1760709571.6662533,1.583,1.461
1760709571.672085,1.517,1.467
1760709571.677506,1.328,1.453
1760709571.6828647,1.398,1.448
1760709571.6881988,1.527,1.455
1760709571.693613,1.482,1.458
1760709571.6990237,1.327,1.445
1760709571.7045808,1.406,1.441
1760709571.7100554,1.574,1.454
1760709571.7154663,1.529,1.462
1760709571.7208953,1.349,1.451
1760709571.7263727,1.406,1.446
1760709571.7318478,1.598,1.461
1760709571.7377155,1.511,1.466
1760709571.743544,1.375,1.457
1760709571.7490122,1.34,1.445
1760709571.7544267,1.581,1.459
1760709571.760263,1.519,1.465
1760709571.7656608,1.353,1.454
1760709571.771071,1.418,1.45
1760709571.7769017,1.563,1.461
1760709571.782315,1.475,1.463
1760709571.7881434,1.318,1.448
1760709571.793979,1.405,1.444
1760709571.7998202,1.547,1.454
1760709571.8052878,1.474,1.456
1760709571.8107576,1.322,1.443
1760709571.81617,1.372,1.436
1760709571.8219612,1.535,1.446
1760709571.8277872,1.482,1.449
1760709571.8336775,1.328,1.437
1760709571.8395138,1.394,1.433
1760709571.8452585,1.571,1.447
1760709571.850688,1.493,1.451
1760709571.8565311,1.318,1.438
1760709571.8619673,1.38,1.432
1760709571.8674097,1.532,1.442
1760709571.8730872,1.457,1.444
1760709571.8789277,1.283,1.428
1760709571.8843796,1.38,1.423
1760709571.8898637,1.534,1.434
1760709571.895742,1.509,1.441
1760709571.9011707,1.368,1.434
1760709571.907,1.431,1.434
1760709571.91242,1.6,1.45
1760709571.9177554,1.506,1.456
1760709571.9230874,1.321,1.442
1760709571.9284139,1.405,1.439
1760709571.9339457,1.546,1.449
1760709571.9392748,1.475,1.452
1760709571.944604,1.271,1.434
1760709571.9499357,1.354,1.426
1760709571.95554,1.526,1.436
1760709571.96088,1.432,1.435
1760709571.966217,1.231,1.415
1760709571.9715629,1.312,1.405
1760709571.9768908,1.483,1.413
1760709571.9822247,1.404,1.412
1760709571.9875515,1.258,1.396
1760709571.9929366,1.323,1.389
1760709571.998361,1.49,1.399
1760709572.0037813,1.446,1.404
1760709572.0091097,1.26,1.389
1760709572.0147305,1.368,1.387
1760709572.0200653,1.553,1.404
1760709572.0255103,1.442,1.408
1760709572.0313532,1.284,1.395
1760709572.0372,1.372,1.393
1760709572.0430307,1.537,1.407
1760709572.048914,1.476,1.414
1760709572.0547526,1.422,1.415
1760709572.060593,1.715,1.445
1760709572.066075,1.94,1.494
1760709572.071912,1.685,1.513
1760709572.0777507,1.289,1.491
1760709572.08358,1.333,1.475
1760709572.089432,1.496,1.477
1760709572.0948725,1.423,1.472
1760709572.100301,1.278,1.453
1760709572.105712,1.323,1.44
1760709572.1110458,1.487,1.444
1760709572.1164494,1.408,1.441
1760709572.1219745,1.253,1.422
1760709572.1278098,1.341,1.414
1760709572.1337187,1.511,1.424
1760709572.1393316,1.453,1.426
1760709572.145212,1.325,1.416
1760709572.1511858,1.354,1.41
1760709572.1570158,1.601,1.429
1760709572.1629124,1.483,1.435
1760709572.1687472,1.325,1.424
1760709572.1746535,1.41,1.422
1760709572.1804926,1.59,1.439
1760709572.1859128,1.468,1.442
1760709572.1918,1.285,1.426
1760709572.1976483,1.395,1.423
1760709572.2034895,1.501,1.431
1760709572.208896,1.427,1.431
1760709572.2143338,1.256,1.413
1760709572.2197256,1.353,1.407
1760709572.2255843,1.526,1.419
1760709572.231421,1.434,1.421
1760709572.2372942,1.31,1.41
1760709572.243123,1.431,1.412
1760709572.248958,1.612,1.432
1760709572.2547915,1.529,1.441
1760709572.2606351,1.388,1.436
1760709572.2661033,1.49,1.441
1760709572.2719522,1.633,1.461
1760709572.2777905,1.548,1.469
1760709572.2832015,1.366,1.459
1760709572.2890384,1.413,1.454
1760709572.294542,1.519,1.461
1760709572.3003843,1.415,1.456
1760709572.3058007,1.237,1.434
1760709572.31114,1.337,1.425
1760709572.3165295,1.509,1.433
1760709572.3219333,1.437,1.433
1760709572.3277674,1.287,1.419
1760709572.3332822,1.387,1.416
1760709572.3387778,1.553,1.429
1760709572.3446171,1.505,1.437
1760709572.3500323,1.363,1.429
1760709572.3554568,1.457,1.432
1760709572.3608813,1.586,1.448
1760709572.3667128,1.517,1.454
1760709572.3725483,1.332,1.442
1760709572.3779955,1.421,1.44
1760709572.3838317,1.571,1.453
1760709572.3892672,1.478,1.456
1760709572.3946884,1.313,1.441
1760709572.400115,1.348,1.432
1760709572.4055605,1.559,1.445
1760709572.410978,1.477,1.448
1760709572.4163961,1.303,1.433
1760709572.4217322,1.39,1.429
1760709572.427565,1.527,1.439
1760709572.433005,1.46,1.441
1760709572.438338,1.302,1.427
1760709572.4441776,1.4,1.424
1760709572.4495566,1.544,1.436
1760709572.4549668,1.463,1.439
1760709572.460676,1.31,1.426
1760709572.4661825,1.389,1.422
1760709572.4720187,1.533,1.433
1760709572.4774663,1.484,1.439
1760709572.4828784,1.281,1.423
1760709572.4887133,1.428,1.423
1760709572.4942234,1.559,1.437
1760709572.499628,1.471,1.44
1760709572.5054588,1.31,1.427
1760709572.510938,1.414,1.426
1760709572.5163734,1.568,1.44
1760709572.5219715,1.476,1.444
1760709572.527803,1.413,1.441
1760709572.5335271,1.459,1.442
1760709572.5393107,1.556,1.454
1760709572.5450323,1.491,1.458
1760709572.5504491,1.416,1.453
1760709572.5558705,1.441,1.452
1760709572.5617154,1.552,1.462
1760709572.5671396,1.479,1.464
1760709572.5729747,1.353,1.453
1760709572.5788126,1.379,1.445
1760709572.584487,1.56,1.457
1760709572.5899422,1.469,1.458
1760709572.5953815,1.532,1.465
1760709572.601312,1.704,1.489
1760709572.6072187,1.885,1.529
1760709572.6130478,1.548,1.531
1760709572.6184669,1.329,1.511
1760709572.6239016,1.403,1.5
1760709572.6297467,1.534,1.503
1760709572.6351771,1.461,1.499
1760709572.640632,1.404,1.489
1760709572.6460433,1.441,1.485
1760709572.6518762,1.549,1.491
1760709572.6577196,1.478,1.49
1760709572.663549,1.301,1.471
1760709572.6690633,1.394,1.463
1760709572.6744723,1.521,1.469
1760709572.6803215,1.44,1.466
1760709572.6857374,1.38,1.457
1760709572.6915681,1.478,1.459
1760709572.6974506,1.559,1.469
1760709572.7032874,1.414,1.464
1760709572.7089365,1.277,1.445
1760709572.7144248,1.37,1.438
1760709572.7197874,1.552,1.449
1760709572.7257202,1.509,1.455
1760709572.731149,1.309,1.44
1760709572.736563,1.457,1.442
1760709572.7418962,1.575,1.455
1760709572.7477298,1.463,1.456
1760709572.753411,1.336,1.444
1760709572.7588444,1.437,1.443
1760709572.7646694,1.584,1.457
1760709572.7700853,1.496,1.461
1760709572.7756171,1.354,1.451
1760709572.7833395,1.483,1.454
1760709572.7891655,1.616,1.47
1760709572.7950127,1.457,1.469
1760709572.800529,1.319,1.454
1760709572.8061676,1.403,1.449
1760709572.8119972,1.54,1.458
1760709572.8174365,1.439,1.456
1760709572.8228574,1.359,1.446
1760709572.8286903,1.443,1.446
1760709572.83411,1.601,1.462
1760709572.8395333,1.5,1.465
1760709572.8451598,1.314,1.45
1760709572.8506134,1.468,1.452
1760709572.8564405,1.726,1.479
1760709572.8618608,1.53,1.484
1760709572.867332,1.38,1.474
1760709572.8726642,1.478,1.474
1760709572.878111,1.585,1.485
1760709572.8839362,1.559,1.493
1760709572.8897662,1.356,1.479
1760709572.8952022,1.448,1.476
1760709572.9006495,1.586,1.487
1760709572.9064848,1.491,1.487
1760709572.9119039,1.367,1.475
1760709572.9172695,1.443,1.472
1760709572.922602,1.649,1.49
1760709572.927936,1.453,1.486
1760709572.9332864,1.311,1.469
1760709572.9386191,1.405,1.462
1760709572.9439504,1.599,1.476
1760709572.9492998,1.5,1.478
1760709572.9546332,1.403,1.471
1760709572.959963,1.473,1.471
1760709572.9653227,1.601,1.484
1760709572.970651,1.529,1.489
1760709572.9759812,1.372,1.477
1760709572.9813292,1.496,1.479
1760709572.986734,1.684,1.499
1760709572.9926758,1.564,1.506
1760709572.9980972,1.405,1.496
1760709573.003456,1.471,1.493
1760709573.0087876,1.633,1.507
1760709573.014188,1.501,1.507
1760709573.019687,1.38,1.494
1760709573.0255587,1.376,1.482
1760709573.0313659,1.496,1.484
1760709573.0368624,1.458,1.481
1760709573.0426993,1.328,1.466
1760709573.0485108,1.431,1.462
1760709573.0539808,1.575,1.474
1760709573.0595424,1.472,1.473
1760709573.0649686,1.498,1.476
1760709573.0704029,1.546,1.483
1760709573.0758336,1.7,1.505
1760709573.0814652,1.592,1.513
1760709573.0872996,1.482,1.51
1760709573.0931327,1.617,1.521
1760709573.0985556,1.696,1.538
1760709573.104387,1.675,1.552
1760709573.109832,1.301,1.527
1760709573.1157186,1.345,1.509
1760709573.121528,1.56,1.514
1760709573.127363,1.485,1.511
1760709573.1328049,1.317,1.492
1760709573.1386373,1.354,1.478
1760709573.1443048,1.577,1.488
1760709573.1497297,1.472,1.486
1760709573.1551945,1.324,1.47
1760709573.1605368,1.407,1.464
1760709573.1660023,1.575,1.475
1760709573.1718318,1.517,1.479
1760709573.1777024,1.588,1.49
1760709573.183531,1.551,1.496
1760709573.1889625,1.641,1.51
1760709573.1948543,1.531,1.513
1760709573.2002814,1.376,1.499
1760709573.2057016,1.463,1.495
1760709573.2113435,1.54,1.5
1760709573.2171757,1.509,1.501
1760709573.222672,1.335,1.484
1760709573.2285058,1.501,1.486
1760709573.2339687,1.6,1.497
1760709573.2397974,1.457,1.493
1760709573.245281,1.326,1.476
1760709573.250718,1.398,1.469
1760709573.2565467,1.56,1.478
1760709573.2619824,1.432,1.473
1760709573.267421,1.418,1.468
1760709573.2732654,1.478,1.469
1760709573.2791033,1.594,1.481
1760709573.284731,1.486,1.482
1760709573.2902486,1.475,1.481
1760709573.2961931,1.521,1.485
1760709573.3019664,1.643,1.501
1760709573.3073971,1.522,1.503
1760709573.3127356,1.444,1.497
1760709573.3180666,1.55,1.502
1760709573.323479,1.604,1.512
1760709573.32949,1.534,1.515
1760709573.334916,1.451,1.508
1760709573.340355,1.5,1.507
1760709573.3457594,1.553,1.512
1760709573.3515904,1.457,1.506
1760709573.357072,1.429,1.499
1760709573.362482,1.448,1.494
1760709573.3678954,1.538,1.498
1760709573.37348,1.458,1.494
1760709573.379321,1.328,1.477
1760709573.3847458,1.464,1.476
1760709573.3901727,1.616,1.49
1760709573.3956008,1.504,1.491
1760709573.4015274,1.336,1.476
1760709573.407361,1.498,1.478
1760709573.4131665,1.681,1.498
1760709573.4189982,1.516,1.5
1760709573.424983,1.377,1.488
1760709573.4305942,1.457,1.485
1760709573.43603,1.626,1.499
1760709573.4415553,1.562,1.505
1760709573.4473896,1.334,1.488
1760709573.4532645,1.435,1.483
1760709573.4590974,1.517,1.486
1760709573.4649417,1.431,1.481
1760709573.4706886,1.318,1.465
1760709573.4765244,1.462,1.464
1760709573.4819267,1.642,1.482
1760709573.487758,1.425,1.476
1760709573.4936056,1.302,1.459
1760709573.4994414,1.46,1.459
1760709573.505127,1.674,1.48
1760709573.510693,1.536,1.486
1760709573.5162923,1.44,1.481
1760709573.5219648,1.517,1.485
1760709573.5278037,1.613,1.498
1760709573.5336642,1.48,1.496
1760709573.5390892,1.422,1.489
1760709573.544427,1.391,1.479
1760709573.5499058,1.623,1.493
1760709573.5553493,1.505,1.494
1760709573.5607724,1.359,1.481
1760709573.5661173,1.442,1.477
1760709573.571947,1.55,1.484
1760709573.577898,1.484,1.484
1760709573.5833127,1.396,1.475
1760709573.5891492,1.483,1.476
1760709573.5946453,1.601,1.489
1760709573.600061,1.523,1.492
1760709573.6055088,1.405,1.483
1760709573.6108875,1.514,1.487
1760709573.6163194,1.613,1.499
1760709573.6217363,1.522,1.502
1760709573.6275713,1.395,1.491
1760709573.6334393,1.52,1.494
1760709573.6392717,1.638,1.508
1760709573.6447115,1.5,1.507
1760709573.650242,1.434,1.5
1760709573.6558766,1.543,1.504
1760709573.6615663,1.649,1.519
1760709573.6670015,1.536,1.521
1760709573.672847,1.448,1.513
1760709573.678785,1.518,1.514
1760709573.6842318,1.607,1.523
1760709573.6896312,1.505,1.521
1760709573.6950579,1.38,1.507
1760709573.7005734,1.466,1.503
1760709573.7064064,1.595,1.512
1760709573.7122195,1.452,1.506
1760709573.7176065,1.38,1.494
1760709573.7233212,1.509,1.495
1760709573.729156,1.629,1.508
1760709573.734571,1.503,1.508
1760709573.7399948,1.427,1.5
1760709573.7454863,1.485,1.498
1760709573.7511673,1.787,1.527
1760709573.7569966,1.43,1.518
1760709573.7626123,1.297,1.496
1760709573.7684524,1.462,1.492
1760709573.7738748,1.599,1.503
1760709573.7797077,1.493,1.502
1760709573.7851317,1.355,1.487
1760709573.7905457,1.467,1.485
1760709573.796379,1.581,1.495
1760709573.8019726,1.453,1.491
1760709573.8078096,1.372,1.479
1760709573.8132575,1.475,1.478
1760709573.8190553,1.586,1.489
1760709573.8248856,1.474,1.488
1760709573.8303244,1.406,1.479
1760709573.8357441,1.479,1.479
1760709573.8415842,1.611,1.493
1760709573.847418,1.513,1.495
1760709573.8532963,1.397,1.485
1760709573.8587077,1.516,1.488
1760709573.8645384,1.614,1.501
1760709573.8699605,1.509,1.501
1760709573.875377,1.393,1.491
1760709573.8808167,1.517,1.493
1760709573.886288,1.592,1.503
1760709573.8917012,1.514,1.504
1760709573.897559,1.397,1.493
1760709573.9033957,1.506,1.495
1760709573.908847,1.585,1.504
1760709573.9142416,1.474,1.501
1760709573.9195716,1.368,1.487
1760709573.924904,1.496,1.488
1760709573.930234,1.6,1.499
1760709573.9355652,1.483,1.498
1760709573.9411266,1.336,1.482
1760709573.9464564,1.529,1.486
1760709573.9517853,1.611,1.499
1760709573.9571161,1.542,1.503
1760709573.962448,1.427,1.496
1760709573.967857,1.481,1.494
1760709573.9739523,1.643,1.509
1760709573.9794207,1.475,1.506
1760709573.9848495,1.358,1.491
1760709573.9902456,1.501,1.492
1760709573.9958572,1.563,1.499
1760709574.001433,1.48,1.497
1760709574.006759,1.395,1.487
1760709574.0121007,1.522,1.49
1760709574.017537,1.566,1.498
1760709574.0229511,1.44,1.492
1760709574.028555,1.4,1.483
1760709574.033973,1.495,1.484
1760709574.0393946,1.553,1.491
1760709574.044855,1.466,1.488
1760709574.0503647,1.397,1.479
1760709574.0557735,1.563,1.488
1760709574.0613823,1.593,1.498
1760709574.0669937,1.432,1.492
1760709574.0726044,1.401,1.483
1760709574.078052,1.446,1.479
1760709574.0838778,1.547,1.486
1760709574.0893998,1.445,1.482
1760709574.0948484,1.376,1.471
1760709574.100563,1.514,1.475
1760709574.1063945,1.692,1.497
1760709574.112212,1.497,1.497
1760709574.1176388,1.372,1.484
1760709574.1233168,1.43,1.479
1760709574.1291525,1.55,1.486
1760709574.1346538,1.449,1.482
1760709574.1401184,1.38,1.472
1760709574.145558,1.472,1.472
1760709574.1513908,1.551,1.48
1760709574.1572645,1.483,1.48
1760709574.1626933,1.372,1.469
1760709574.168537,1.458,1.468
1760709574.1740417,1.606,1.482
1760709574.1799974,1.436,1.477
1760709574.1855965,1.38,1.468
1760709574.1910093,1.501,1.471
1760709574.1968381,1.698,1.494
1760709574.2022645,1.453,1.49
1760709574.2077017,1.367,1.477
1760709574.2135375,1.462,1.476
1760709574.219365,1.553,1.484
1760709574.2252288,1.418,1.477
1760709574.2306418,1.329,1.462
1760709574.2362485,1.459,1.462
1760709574.2418294,1.51,1.467
1760709574.247661,1.388,1.459
1760709574.2536023,1.332,1.446
1760709574.2590127,1.487,1.45
1760709574.2648494,1.685,1.474
1760709574.2702632,1.506,1.477
1760709574.2757192,1.37,1.466
1760709574.2814374,1.484,1.468
1760709574.2868788,1.584,1.479
1760709574.2927086,1.445,1.476
1760709574.2981362,1.351,1.463
1760709574.3039713,1.462,1.463
1760709574.3094237,1.594,1.476
1760709574.3147647,1.429,1.472
1760709574.3201246,1.322,1.457
1760709574.3255944,1.447,1.456
1760709574.3310742,1.534,1.464
1760709574.3369308,1.41,1.458
1760709574.3427238,1.435,1.456
1760709574.3485527,1.457,1.456
1760709574.3539782,1.521,1.463
1760709574.359415,1.483,1.465
1760709574.3652935,1.405,1.459
1760709574.3712482,1.498,1.463
1760709574.3770833,1.558,1.472
1760709574.3824942,1.435,1.468
1760709574.388323,1.378,1.459
1760709574.393845,1.517,1.465
1760709574.3992777,1.571,1.476
1760709574.4051101,1.588,1.487
1760709574.4105716,1.614,1.5
1760709574.4160092,1.556,1.505
1760709574.421464,1.55,1.51
1760709574.427302,1.354,1.494
1760709574.4329407,1.435,1.488
1760709574.4387887,1.513,1.491
1760709574.444635,1.613,1.503
1760709574.450517,1.466,1.499
1760709574.456352,1.416,1.491
1760709574.4619899,1.439,1.486
1760709574.4674354,1.513,1.488
1760709574.47332,1.347,1.474
1760709574.4791589,1.363,1.463
1760709574.4845965,1.534,1.47
1760709574.490454,1.566,1.48
1760709574.4963975,1.523,1.484
1760709574.5019677,1.388,1.474
1760709574.507381,1.494,1.476
1760709574.5132287,1.571,1.486
1760709574.5187132,1.419,1.479
1760709574.5245419,1.355,1.467
1760709574.5303862,1.493,1.469
1760709574.5358589,1.534,1.476
1760709574.5417058,1.429,1.471
1760709574.5475411,1.321,1.456
1760709574.553427,1.454,1.456
1760709574.559255,1.525,1.463
1760709574.565099,1.38,1.454
1760709574.5706382,1.341,1.443
1760709574.5764687,1.442,1.443
1760709574.5818872,1.543,1.453
1760709574.5877233,1.38,1.446
1760709574.5935662,1.29,1.43
1760709574.599003,1.415,1.429
1760709574.6044364,1.527,1.438
1760709574.609894,1.397,1.434
1760709574.6153162,1.426,1.433
1760709574.6207547,1.604,1.451
1760709574.6263676,1.559,1.461
1760709574.6317794,1.382,1.453
1760709574.6376293,1.302,1.438
1760709574.6434584,1.467,1.441
1760709574.6488936,1.501,1.447
1760709574.65438,1.346,1.437
1760709574.6602447,1.354,1.429
1760709574.6656847,1.447,1.431
1760709574.6715145,1.511,1.439
1760709574.6773884,1.428,1.438
1760709574.6828604,1.507,1.445
1760709574.6886926,1.517,1.452
1760709574.6942024,1.511,1.458
1760709574.699592,1.388,1.451
1760709574.7053552,1.417,1.447
1760709574.7107744,1.509,1.453
1760709574.7161942,1.584,1.467
1760709574.7219665,1.457,1.466
1760709574.727796,1.372,1.456
1760709574.733651,1.237,1.434
1760709574.7394629,1.502,1.441
1760709574.7452915,1.41,1.438
1760709574.7507677,1.268,1.421
1760709574.7565992,1.395,1.418
1760709574.7620442,1.451,1.422
1760709574.767394,1.306,1.41
1760709574.7732627,1.23,1.392
1760709574.7787645,1.422,1.395
1760709574.7844176,1.535,1.409
1760709574.789894,1.377,1.406
1760709574.795344,1.348,1.4
1760709574.8007634,1.518,1.412
1760709574.8065956,1.587,1.429
1760709574.812081,1.494,1.436
1760709574.8175666,1.443,1.437
1760709574.8231664,1.588,1.452
1760709574.8290117,1.638,1.47
1760709574.834494,1.488,1.472
1760709574.8403428,1.479,1.473
1760709574.8457656,1.559,1.481
1760709574.8516016,1.582,1.491
1760709574.8574846,1.42,1.484
1760709574.8633163,1.351,1.471
1760709574.8687437,1.493,1.473
1760709574.874581,1.586,1.484
1760709574.8800428,1.388,1.475
1760709574.8855658,1.382,1.465
1760709574.891557,1.481,1.467
1760709574.8974204,1.546,1.475
1760709574.9032624,1.393,1.467
1760709574.9086928,1.368,1.457
1760709574.9140265,1.457,1.457
1760709574.9193718,1.498,1.461
1760709574.9247031,1.394,1.454
1760709574.9300406,1.401,1.449
1760709574.9353676,1.53,1.457
1760709574.9407113,1.56,1.467
1760709574.9460402,1.418,1.462
1760709574.9513702,1.381,1.454
1760709574.956701,1.491,1.458
1760709574.962044,1.524,1.465
1760709574.9673889,1.362,1.454
1760709574.973175,1.264,1.435
1760709574.9785025,1.47,1.439
1760709574.9841125,1.584,1.453
1760709574.9897342,1.404,1.448
1760709574.995155,1.353,1.439
1760709575.0005708,1.443,1.439
1760709575.0059443,1.546,1.45
1760709575.0113127,1.372,1.442
1760709575.0166485,1.299,1.428
1760709575.022069,1.462,1.431
1760709575.0278983,1.542,1.442
1760709575.033762,1.355,1.434
1760709575.0393221,1.281,1.418
1760709575.045165,1.407,1.417
1760709575.0510707,1.453,1.421
1760709575.0569055,1.292,1.408
1760709575.0623188,1.277,1.395
1760709575.0677333,1.468,1.402
1760709575.0731611,1.442,1.406
1760709575.0786138,1.342,1.4
1760709575.0843108,1.345,1.394
1760709575.089758,1.422,1.397
1760709575.0952015,1.472,1.404
1760709575.1010323,1.33,1.397
1760709575.1064668,1.406,1.398
1760709575.1122735,1.453,1.403
1760709575.1176407,1.505,1.414
1760709575.123065,1.355,1.408
1760709575.128515,1.328,1.4
1760709575.1340225,1.495,1.409
1760709575.1394596,1.463,1.415
1760709575.1448975,1.471,1.42
1760709575.1503155,1.47,1.425
1760709575.1557243,1.555,1.438
1760709575.1614017,1.594,1.454
1760709575.1667888,1.441,1.453
1760709575.1726308,1.442,1.451
1760709575.1780338,1.467,1.453
1760709575.1838617,1.545,1.462
1760709575.1895545,1.372,1.453
1760709575.1952002,1.326,1.44
1760709575.2010396,1.484,1.445
1760709575.2064662,1.584,1.459
1760709575.2118375,1.441,1.457
1760709575.2172003,1.417,1.453
1760709575.2226887,1.538,1.461
1760709575.2285447,1.689,1.484
1760709575.2339907,1.545,1.49
1760709575.2398171,1.501,1.491
1760709575.2452724,1.637,1.506
1760709575.2507052,1.627,1.518
1760709575.2565374,1.43,1.509
1760709575.2621825,1.35,1.493
1760709575.267604,1.45,1.489
1760709575.2735875,1.542,1.494
1760709575.2790408,1.334,1.478
1760709575.2846112,1.255,1.456
1760709575.290028,1.459,1.456
1760709575.2956069,1.576,1.468
1760709575.3014479,1.376,1.459
1760709575.3072817,1.404,1.453
1760709575.3126154,1.522,1.46
1760709575.3179598,1.633,1.477
1760709575.3233538,1.429,1.473
1760709575.3292127,1.393,1.465
1760709575.334641,1.484,1.466
1760709575.340114,1.517,1.472
1760709575.3455582,1.402,1.465
1760709575.351442,1.364,1.455
1760709575.3573103,1.534,1.463
1760709575.362718,1.484,1.465
1760709575.3681343,1.327,1.451
1760709575.3735883,1.353,1.441
1760709575.379042,1.485,1.446
1760709575.3848743,1.547,1.456
1760709575.3902843,1.34,1.444
1760709575.3959088,1.367,1.436
1760709575.401752,1.555,1.448
1760709575.4075904,1.56,1.459
1760709575.41302,1.41,1.455
1760709575.4184248,1.38,1.447
1760709575.4238663,1.505,1.453
1760709575.4297903,1.504,1.458
1760709575.4352162,1.343,1.446
1760709575.4406254,1.328,1.435
1760709575.4460351,1.463,1.437
1760709575.4514415,1.49,1.443
1760709575.4567766,1.328,1.431
1760709575.4622521,1.432,1.431
1760709575.4676678,1.53,1.441
1760709575.473346,1.502,1.447
1760709575.4787729,1.278,1.43
1760709575.484216,1.4,1.427
1760709575.489607,1.526,1.437
1760709575.4950202,1.5,1.443
1760709575.5005045,1.356,1.435
1760709575.5059133,1.453,1.437
1760709575.511331,1.505,1.443
1760709575.5167537,1.514,1.45
1760709575.5221817,1.318,1.437
1760709575.5280085,1.293,1.423
1760709575.533846,1.43,1.424
1760709575.5392866,1.496,1.431
1760709575.545164,1.334,1.421
1760709575.5505967,1.305,1.409
1760709575.5564327,1.461,1.415
1760709575.5619833,1.534,1.427
1760709575.5673215,1.391,1.423
1760709575.572654,1.347,1.415
1760709575.5779846,1.492,1.423
1760709575.5833182,1.54,1.435
1760709575.5888934,1.369,1.428
1760709575.5942285,1.328,1.418
1760709575.59956,1.45,1.421
1760709575.6050289,1.467,1.426
1760709575.610361,1.33,1.416
1760709575.6156926,1.336,1.408
1760709575.621023,1.485,1.416
1760709575.6263533,1.538,1.428
1760709575.631685,1.414,1.427
1760709575.6370158,1.384,1.423
1760709575.6424096,1.55,1.435
1760709575.6477442,1.55,1.447
1760709575.6530716,1.405,1.442
1760709575.6583955,1.424,1.441
1760709575.6641903,1.542,1.451
1760709575.6696172,1.563,1.462
1760709575.6752346,1.39,1.455
1760709575.6806633,1.308,1.44
1760709575.6861303,1.508,1.447
1760709575.691796,1.49,1.451
1760709575.697575,1.328,1.439
1760709575.7031865,1.328,1.428
1760709575.708586,1.478,1.433
1760709575.7140095,1.496,1.439
1760709575.719568,1.38,1.433
1760709575.7252092,1.39,1.429
1760709575.7307632,1.548,1.441
1760709575.736369,1.546,1.451
1760709575.741775,1.394,1.446
1760709575.7473838,1.426,1.444
1760709575.7529976,1.534,1.453
1760709575.7584157,1.526,1.46
1760709575.764024,1.398,1.454
1760709575.7696185,1.38,1.447
1760709575.7754533,1.488,1.451
1760709575.7809656,1.55,1.461
1760709575.7867973,1.387,1.453
1760709575.7927074,1.419,1.45
1760709575.7981455,1.534,1.458
1760709575.8039758,1.563,1.469
1760709575.809508,1.407,1.463
1760709575.8152835,1.382,1.455
1760709575.8206198,1.49,1.458
1760709575.8264155,1.509,1.463
1760709575.8318446,1.341,1.451
1760709575.8376977,1.343,1.44
1760709575.8434033,1.48,1.444
1760709575.8492649,1.448,1.444
1760709575.8551111,1.297,1.43
1760709575.8605535,1.272,1.414
1760709575.8659751,1.454,1.418
1760709575.8718107,1.487,1.425
1760709575.87765,1.293,1.412
1760709575.8834782,1.348,1.405
1760709575.8893425,1.536,1.418
1760709575.894788,1.48,1.425
1760709575.9002233,1.376,1.42
1760709575.9056454,1.378,1.416
1760709575.911107,1.492,1.423
1760709575.91644,1.498,1.431
1760709575.9217808,1.426,1.43
1760709575.9271123,1.337,1.421
1760709575.9324408,1.467,1.425
1760709575.9377742,1.496,1.433
1760709575.9431043,1.199,1.409
1760709575.9484358,1.375,1.406
1760709575.9537654,1.492,1.414
1760709575.9591012,1.421,1.415
1760709575.9645135,1.365,1.41
1760709575.9698606,1.366,1.406
1760709575.975276,1.534,1.418
1760709575.9807007,1.492,1.426
1760709575.986104,1.369,1.42
1760709575.9915938,1.347,1.413
1760709575.9972413,1.295,1.401
1760709576.002647,1.289,1.39
1760709576.0082693,1.163,1.367
1760709576.0138478,1.185,1.349
1760709576.0192564,1.392,1.353
1760709576.0248837,1.437,1.362
1760709576.030294,1.26,1.351
1760709576.0357013,1.301,1.346
1760709576.0411124,1.421,1.354
1760709576.0465493,1.398,1.358
1760709576.0521572,1.237,1.346
1760709576.0576358,1.237,1.335
1760709576.0632508,1.434,1.345
1760709576.0688574,1.445,1.355
1760709576.0742846,1.315,1.351
1760709576.0801263,1.328,1.349
1760709576.0855746,1.538,1.368
1760709576.0915189,1.588,1.39
1760709576.0974011,1.487,1.399
1760709576.1028306,1.455,1.405
1760709576.1082492,1.597,1.424
1760709576.1139834,1.629,1.445
1760709576.1198337,1.409,1.441
1760709576.125626,1.457,1.443
1760709576.1310449,1.599,1.458
1760709576.1364594,1.546,1.467
1760709576.1418505,1.368,1.457
1760709576.147678,1.353,1.447
1760709576.153526,1.509,1.453
1760709576.1589675,1.498,1.457
1760709576.1648054,1.337,1.445
1760709576.1702228,1.344,1.435
1760709576.1756585,1.431,1.435
1760709576.1810887,1.518,1.443
1760709576.1866038,1.293,1.428
1760709576.1920304,1.384,1.424
1760709576.1979356,1.516,1.433
1760709576.203773,1.464,1.436
1760709576.2095778,1.346,1.427
1760709576.2150106,1.375,1.422
1760709576.220575,1.484,1.428
1760709576.2264674,1.423,1.428
1760709576.2318966,1.191,1.404
1760709576.2373726,1.194,1.383
1760709576.2432032,1.436,1.388
1760709576.2490382,1.388,1.388
1760709576.2548816,1.217,1.371
1760709576.260492,1.219,1.356
1760709576.266007,1.516,1.372
1760709576.27184,1.505,1.385
1760709576.2773201,1.272,1.374
1760709576.2831492,1.483,1.385
1760709576.2889848,1.611,1.407
1760709576.2945035,1.56,1.423
1760709576.3003492,1.326,1.413
1760709576.3057399,1.328,1.405
1760709576.3110938,1.519,1.416
1760709576.3164246,1.472,1.422
1760709576.3220901,1.226,1.402
1760709576.3279233,1.31,1.393
1760709576.3337796,1.498,1.403
1760709576.3396173,1.523,1.415
1760709576.345048,1.331,1.407
1760709576.3509862,1.326,1.399
1760709576.356817,1.543,1.413
1760709576.3626504,1.439,1.416
1760709576.3684144,1.362,1.41
1760709576.3739264,1.411,1.411
1760709576.3797588,1.615,1.431
1760709576.3852346,1.535,1.441
1760709576.3910654,1.366,1.434
1760709576.3968947,1.372,1.428
1760709576.4027843,1.543,1.439
1760709576.408232,1.478,1.443
1760709576.4139636,1.287,1.428
1760709576.419365,1.358,1.421
1760709576.4252253,1.451,1.424
1760709576.4310198,1.431,1.424
1760709576.43695,1.35,1.417
1760709576.4427836,1.38,1.413
1760709576.4486172,1.519,1.424
1760709576.45406,1.666,1.448
1760709576.4594812,1.478,1.451
1760709576.4651372,1.483,1.454
1760709576.4704692,1.62,1.471
1760709576.4764519,1.586,1.482
1760709576.4818828,1.39,1.473
1760709576.4877107,1.37,1.463
1760709576.4935563,1.513,1.468
1760709576.499389,1.459,1.467
1760709576.5048137,1.26,1.446
1760709576.5101485,1.293,1.431
1760709576.5155628,1.414,1.429
1760709576.5209124,1.479,1.434
1760709576.526324,1.284,1.419
1760709576.5319586,1.376,1.415
1760709576.5373895,1.547,1.428
1760709576.5427842,1.581,1.443
1760709576.5481875,1.458,1.445
1760709576.5534854,1.472,1.448
1760709576.5588155,1.621,1.465
1760709576.5642123,1.555,1.474
1760709576.5695367,1.38,1.464
1760709576.57486,1.39,1.457
1760709576.5801797,1.483,1.46
1760709576.5855453,1.411,1.455
1760709576.5909429,1.258,1.435
1760709576.5967655,1.276,1.419
1760709576.6022139,1.459,1.423
1760709576.607944,1.452,1.426
1760709576.6137934,1.33,1.416
1760709576.6192613,1.374,1.412
1760709576.6250982,1.579,1.429
1760709576.630517,1.521,1.438
1760709576.635972,1.38,1.432
1760709576.6414347,1.411,1.43
1760709576.6472204,1.617,1.449
1760709576.653051,1.534,1.457
1760709576.6584673,1.323,1.444
1760709576.6642997,1.349,1.434
1760709576.6697354,1.505,1.442
1760709576.675231,1.476,1.445
1760709576.6806676,1.293,1.43
1760709576.6860793,1.371,1.424
1760709576.691864,1.499,1.431
1760709576.6977122,1.461,1.434
1760709576.7035499,1.294,1.42
1760709576.708971,1.405,1.419
1760709576.7146442,1.498,1.427
1760709576.72013,1.551,1.439
1760709576.7256474,1.342,1.429
1760709576.731096,1.383,1.425
1760709576.73674,1.608,1.443
1760709576.7426975,1.572,1.456
1760709576.748527,1.344,1.445
1760709576.7539747,1.302,1.431
1760709576.759399,1.526,1.44
1760709576.7651563,1.509,1.447
1760709576.7706568,1.299,1.432
1760709576.7764935,1.348,1.424
1760709576.7819135,1.487,1.43
1760709576.787748,1.378,1.425
1760709576.7935996,1.272,1.41
1760709576.7994354,1.279,1.396
1760709576.8053763,1.525,1.409
1760709576.8111987,1.531,1.421
1760709576.8170352,1.353,1.415
1760709576.8224647,1.385,1.412
1760709576.8283021,1.575,1.428
1760709576.8339593,1.527,1.438
1760709576.8397849,1.347,1.429
1760709576.8452642,1.376,1.424
1760709576.8511734,1.562,1.437
1760709576.8570046,1.53,1.447
1760709576.8628376,1.352,1.437
1760709576.8686774,1.381,1.432
1760709576.874621,1.55,1.443
1760709576.8804584,1.471,1.446
1760709576.8858798,1.358,1.437
1760709576.891716,1.392,1.433
1760709576.8975637,1.564,1.446
1760709576.9034111,1.535,1.455
1760709576.9088118,1.356,1.445
1760709576.9142349,1.398,1.44
1760709576.9195673,1.614,1.458
1760709576.9248948,1.559,1.468
1760709576.93024,1.4,1.461
1760709576.9355705,1.497,1.465
1760709576.9409003,1.638,1.482
1760709576.9462645,1.598,1.494
1760709576.9515948,1.444,1.489
1760709576.956928,1.475,1.487
1760709576.9622571,1.701,1.509
1760709576.9676406,1.663,1.524
1760709576.9730124,1.38,1.51
1760709576.9783576,1.43,1.502
1760709576.9836876,1.614,1.513
1760709576.989011,1.597,1.521
1760709576.9943364,1.385,1.508
1760709576.9996643,1.354,1.492
1760709577.0052104,1.621,1.505
1760709577.010535,1.499,1.505
1760709577.0159478,1.355,1.49
1760709577.0213044,1.366,1.477
1760709577.026627,1.559,1.485
1760709577.0319543,1.508,1.488
1760709577.0373163,1.334,1.472
1760709577.0426412,1.343,1.459
1760709577.0479677,1.528,1.466
1760709577.0535212,1.48,1.468
1760709577.0589774,1.287,1.45
1760709577.06474,1.395,1.444
1760709577.0702097,1.586,1.458
1760709577.075628,1.586,1.471
1760709577.0810678,1.34,1.458
1760709577.086563,1.407,1.453
1760709577.09201,1.604,1.468
1760709577.0978448,1.573,1.479
1760709577.1036785,1.346,1.465
1760709577.109548,1.566,1.475
1760709577.1149597,1.87,1.515
1760709577.120905,1.921,1.555
1760709577.1265187,1.771,1.577
1760709577.1319559,1.622,1.581
1760709577.1378055,1.499,1.573
1760709577.1436381,1.471,1.563
1760709577.149538,1.301,1.537
1760709577.1554081,1.548,1.538
1760709577.1613114,1.663,1.55
1760709577.1667924,1.637,1.559
1760709577.1726243,1.446,1.548
1760709577.1780612,1.5,1.543
1760709577.183891,1.636,1.552
1760709577.1894581,1.549,1.552
1760709577.194886,1.345,1.531
1760709577.200295,1.394,1.518
1760709577.2056885,1.501,1.516
1760709577.2111094,1.546,1.519
1760709577.2170043,1.285,1.496
1760709577.2224355,1.352,1.481
1760709577.2282674,1.556,1.489
1760709577.2339737,1.619,1.502
1760709577.23965,1.418,1.493
1760709577.2450995,1.543,1.498
1760709577.2506528,1.69,1.517
1760709577.2564888,1.607,1.526
1760709577.261881,1.4,1.514
1760709577.2672925,1.341,1.496
1760709577.273139,1.505,1.497
1760709577.2789817,1.46,1.494
1760709577.2844253,1.214,1.466
1760709577.2904232,1.344,1.454
1760709577.296258,1.557,1.464
1760709577.3019762,1.545,1.472
1760709577.3078418,1.401,1.465
1760709577.3134034,1.443,1.463
1760709577.3186793,1.685,1.485
1760709577.3240132,1.616,1.498
1760709577.3293605,1.488,1.497
1760709577.3346915,1.505,1.498
1760709577.3404498,1.691,1.517
1760709577.3458579,1.694,1.535
1760709577.3516932,1.483,1.53
1760709577.3575997,1.495,1.526
1760709577.3634365,1.642,1.538
1760709577.3690634,1.573,1.541
1760709577.3744855,1.397,1.527
1760709577.380359,1.405,1.515
1760709577.3857462,1.586,1.522
1760709577.3915856,1.547,1.524
1760709577.3974605,1.38,1.51
1760709577.4032967,1.452,1.504
1760709577.4087782,1.655,1.519
1760709577.4142075,1.586,1.526
1760709577.4202278,1.431,1.516
1760709577.4256604,1.538,1.519
1760709577.4314628,1.7,1.537
1760709577.437093,1.621,1.545
1760709577.442515,1.422,1.533
1760709577.4483538,1.488,1.528
1760709577.4539793,1.639,1.539
1760709577.459764,1.559,1.541
1760709577.4652412,1.375,1.525
1760709577.470688,1.421,1.514
1760709577.4765222,1.593,1.522
1760709577.4819658,1.529,1.523
1760709577.4878006,1.368,1.507
1760709577.4936464,1.405,1.497
1760709577.4990747,1.598,1.507
1760709577.5045273,1.546,1.511
1760709577.510086,1.359,1.496
1760709577.5155292,1.477,1.494
1760709577.5215266,1.598,1.504
1760709577.5273561,1.506,1.505
1760709577.5332255,1.351,1.489
1760709577.5386655,1.566,1.497
1760709577.5445046,1.636,1.511
1760709577.5499275,1.599,1.52
1760709577.5553744,1.384,1.506
1760709577.560894,1.478,1.503
1760709577.56637,1.586,1.512
1760709577.572201,1.566,1.517
1760709577.577963,1.387,1.504
1760709577.5835476,1.501,1.504
1760709577.5894127,1.614,1.515
1760709577.594844,1.529,1.516
1760709577.6004367,1.365,1.501
1760709577.6058977,1.432,1.494
1760709577.6113882,1.589,1.504
1760709577.6172466,1.558,1.509
1760709577.622665,1.365,1.495
1760709577.6285005,1.452,1.49
1760709577.6339602,1.574,1.499
1760709577.6397982,1.559,1.505
1760709577.6453295,1.405,1.495
1760709577.6509862,1.695,1.515
1760709577.6568186,1.72,1.535
1760709577.6626499,1.568,1.539
1760709577.6680663,1.4,1.525
1760709577.673548,1.555,1.528
1760709577.6793795,1.682,1.543
1760709577.6848478,1.579,1.547
1760709577.690488,1.398,1.532
1760709577.6963198,1.453,1.524
1760709577.7019656,1.598,1.531
1760709577.7077942,1.588,1.537
1760709577.7136343,1.298,1.513
1760709577.7190566,1.434,1.505
1760709577.7244813,1.524,1.507
1760709577.7299206,1.461,1.503
1760709577.7353504,1.274,1.48
1760709577.740762,1.376,1.469
1760709577.7461746,1.563,1.479
1760709577.752008,1.579,1.489
1760709577.7578611,1.408,1.481
1760709577.7636874,1.469,1.479
1760709577.7691038,1.601,1.492
1760709577.7745538,1.549,1.497
1760709577.7803886,1.382,1.486
1760709577.7857985,1.637,1.501
1760709577.79163,1.655,1.516
1760709577.797507,1.518,1.517
1760709577.8033428,1.366,1.501
1760709577.8090994,1.413,1.493
1760709577.8145337,1.638,1.507
1760709577.8199644,1.599,1.516
1760709577.8254735,1.372,1.502
1760709577.83096,1.538,1.506
1760709577.8363805,1.595,1.515
1760709577.841831,1.59,1.522
1760709577.8476663,1.34,1.504
1760709577.8535511,1.448,1.498
1760709577.859308,1.604,1.509
1760709577.8651533,1.586,1.517
1760709577.8704886,1.416,1.507
1760709577.876357,1.45,1.501
1760709577.8817825,1.655,1.516
1760709577.8872,1.571,1.522
1760709577.8930075,1.52,1.522
1760709577.8984559,1.559,1.525
1760709577.9039114,1.696,1.542
1760709577.9096253,1.633,1.552
1760709577.9150472,1.458,1.542
1760709577.9203815,1.539,1.542
1760709577.9257133,1.548,1.542
1760709577.9311194,1.468,1.535
1760709577.9364552,1.314,1.513
1760709577.941789,1.408,1.502
1760709577.9471202,1.581,1.51
1760709577.9524505,1.529,1.512
1760709577.9578044,1.423,1.503
1760709577.9634156,1.462,1.499
1760709577.9687884,1.708,1.52
1760709577.9741383,1.617,1.53
1760709577.9794765,1.483,1.525
1760709577.9848087,1.533,1.526
1760709577.990464,1.698,1.543
1760709577.99579,1.579,1.547
1760709578.0013394,1.391,1.531
1760709578.0066779,1.457,1.524
1760709578.0120156,1.584,1.53
1760709578.0174205,1.506,1.527
1760709578.022769,1.33,1.508
1760709578.028294,1.409,1.498
1760709578.0339906,1.588,1.507
1760709578.039617,1.483,1.504
1760709578.0450416,1.33,1.487
1760709578.0504634,1.497,1.488
1760709578.056355,1.666,1.506
1760709578.0618455,1.573,1.512
1760709578.0673273,1.339,1.495
1760709578.0730457,1.459,1.492
1760709578.0788836,1.638,1.506
1760709578.084283,1.563,1.512
1760709578.089707,1.393,1.5
1760709578.0951881,1.435,1.493
1760709578.1010199,1.58,1.502
1760709578.1064568,1.498,1.502
1760709578.1123369,1.351,1.487
1760709578.117742,1.428,1.481
1760709578.1231625,1.562,1.489
1760709578.1289947,1.576,1.498
1760709578.1344652,1.33,1.481
1760709578.1399572,1.458,1.479
1760709578.14542,1.586,1.489
1760709578.1509056,1.548,1.495
1760709578.1567366,1.384,1.484
1760709578.1621299,1.505,1.486
1760709578.1679897,1.625,1.5
1760709578.173574,1.511,1.501
1760709578.1791055,1.364,1.487
1760709578.1849778,1.435,1.482
1760709578.190401,1.615,1.495
1760709578.195872,1.472,1.493
1760709578.2017295,1.294,1.473
1760709578.2076035,1.439,1.47
1760709578.2134771,1.512,1.474
1760709578.2188683,1.472,1.474
1760709578.2243176,1.237,1.45
1760709578.2298694,1.431,1.448
1760709578.2352989,1.658,1.469
1760709578.2411358,1.492,1.472
1760709578.2469697,1.314,1.456
1760709578.2528024,1.469,1.457
1760709578.2582233,1.596,1.471
1760709578.2640567,1.508,1.475
1760709578.2695248,1.321,1.459
1760709578.2751682,1.381,1.452
1760709578.2811615,1.546,1.461
1760709578.2866561,1.474,1.462
1760709578.2921286,1.352,1.451
1760709578.297981,1.455,1.452
1760709578.303818,1.624,1.469
1760709578.3096516,1.53,1.475
1760709578.314986,1.419,1.469
1760709578.3203309,1.484,1.471
1760709578.3258078,1.626,1.486
1760709578.3314736,1.543,1.492
1760709578.3368986,1.376,1.48
1760709578.3423617,1.487,1.481
1760709578.3481967,1.606,1.494
1760709578.3539813,1.509,1.495
1760709578.3596451,1.363,1.482
1760709578.3650725,1.419,1.476
1760709578.3705027,1.55,1.483
1760709578.376455,1.508,1.485
1760709578.381891,1.389,1.476
1760709578.3878288,1.463,1.475
1760709578.3936749,1.616,1.489
1760709578.3995628,1.571,1.497
1760709578.4050713,1.376,1.485
1760709578.4105113,1.479,1.484
1760709578.4163523,1.708,1.507
1760709578.4219685,1.571,1.513
1760709578.4274135,1.409,1.503
1760709578.4332802,1.467,1.499
1760709578.4391136,1.55,1.504
1760709578.4450762,1.522,1.506
1760709578.4510162,1.354,1.491
1760709578.4568624,1.416,1.483
1760709578.4626966,1.573,1.492
1760709578.4685307,1.492,1.492
1760709578.4744225,1.341,1.477
1760709578.4802775,1.426,1.472
1760709578.4857037,1.523,1.477
1760709578.49158,1.582,1.488
1760709578.4975882,1.39,1.478
1760709578.5034242,1.53,1.483
1760709578.508849,1.639,1.499
1760709578.5142899,1.587,1.507
1760709578.5197155,1.347,1.491
1760709578.5254302,1.453,1.487
1760709578.5308797,1.568,1.496
1760709578.5363,1.492,1.495
1760709578.5418503,1.327,1.478
1760709578.547683,1.405,1.471
1760709578.5535305,1.558,1.48
1760709578.5593698,1.508,1.483
1760709578.5648348,1.345,1.469
1760709578.5702715,1.43,1.465
1760709578.575702,1.559,1.474
1760709578.5812106,1.482,1.475
1760709578.5866303,1.361,1.464
1760709578.5920548,1.466,1.464
1760709578.597895,1.498,1.467
1760709578.603728,1.612,1.482
1760709578.6095324,1.401,1.474
1760709578.615293,1.437,1.47
1760709578.620708,1.535,1.477
1760709578.6265757,1.472,1.476
1760709578.6319923,1.289,1.457
1760709578.6378329,1.459,1.458
1760709578.6436698,1.623,1.474
1760709578.6493375,1.51,1.478
1760709578.654761,1.368,1.467
1760709578.6601741,1.459,1.466
1760709578.6655667,1.519,1.471
1760709578.671291,1.548,1.479
1760709578.6769056,1.392,1.47
1760709578.68244,1.513,1.475
1760709578.6880505,1.737,1.501
1760709578.6936843,1.521,1.503
1760709578.699349,1.34,1.487
1760709578.704859,1.469,1.485
1760709578.710214,1.537,1.49
1760709578.7157118,1.442,1.485
1760709578.7215195,1.302,1.467
1760709578.7272494,1.483,1.469
1760709578.732683,1.55,1.477
1760709578.7381055,1.486,1.478
1760709578.7437232,1.323,1.462
1760709578.749234,1.368,1.453
1760709578.754748,1.578,1.465
1760709578.7602012,1.546,1.473
1760709578.7656932,1.393,1.465
1760709578.77111,1.455,1.464
1760709578.7769492,1.553,1.473
1760709578.7824137,1.586,1.484
1760709578.78825,1.341,1.47
1760709578.7939756,1.418,1.465
1760709578.7998123,1.51,1.469
1760709578.8053894,1.449,1.467
1760709578.811218,1.305,1.451
1760709578.8170452,1.393,1.445
1760709578.8228824,1.532,1.454
1760709578.8287187,1.488,1.457
1760709578.834145,1.327,1.444
1760709578.8396196,1.431,1.443
1760709578.84505,1.56,1.455
1760709578.8505,1.43,1.452
1760709578.8563318,1.334,1.44
1760709578.861933,1.681,1.464
1760709578.8677647,1.672,1.485
1760709578.8732357,1.525,1.489
1760709578.8790655,1.302,1.47
1760709578.8845003,1.397,1.463
1760709578.8899236,1.513,1.468
1760709578.8953438,1.489,1.47
1760709578.9013455,1.272,1.45
1760709578.9071763,1.362,1.441
1760709578.9126792,1.512,1.448
1760709578.9180443,1.527,1.456
1760709578.923377,1.334,1.444
1760709578.9287047,1.428,1.442
1760709578.934078,1.61,1.459
1760709578.9394357,1.483,1.462
1760709578.944774,1.385,1.454
1760709578.9501035,1.499,1.458
1760709578.9554367,1.496,1.462
1760709578.9607944,1.476,1.464
1760709578.9661329,1.315,1.449
1760709578.9714417,1.39,1.443
1760709578.9767737,1.542,1.453
1760709578.9821827,1.488,1.456
1760709578.9879909,1.314,1.442
1760709578.993653,1.397,1.438
1760709578.999031,1.55,1.449
1760709579.0044012,1.435,1.447
1760709579.009761,1.332,1.436
1760709579.0152204,1.578,1.45
1760709579.0208397,1.598,1.465
1760709579.0262475,1.727,1.491
1760709579.0317326,1.471,1.489
1760709579.0371447,1.721,1.512
1760709579.0427694,1.666,1.528
1760709579.0483027,1.424,1.517
1760709579.0539145,1.289,1.494
1760709579.059521,1.392,1.484
1760709579.0649877,1.482,1.484
1760709579.070397,1.398,1.475
1760709579.0758193,1.274,1.455
1760709579.0813115,1.439,1.454
1760709579.0871482,1.517,1.46
1760709579.0929852,1.44,1.458
1760709579.0988255,1.295,1.442
1760709579.104252,1.418,1.439
1760709579.1096518,1.548,1.45
1760709579.1154206,1.39,1.444
1760709579.1213386,1.281,1.428
1760709579.1268291,1.432,1.428
1760709579.1322381,1.55,1.44
1760709579.1379597,1.392,1.436
1760709579.1437993,1.186,1.411
1760709579.1494622,1.476,1.417
1760709579.1553311,1.6,1.435
1760709579.1608634,1.586,1.45
1760709579.1667545,1.294,1.435
1760709579.1726096,1.434,1.435
1760709579.178068,1.545,1.446
1760709579.1839023,1.472,1.448
1760709579.1897736,1.336,1.437
1760709579.1951911,1.343,1.428
1760709579.2006295,1.484,1.433
1760709579.2066092,1.372,1.427
1760709579.211997,1.289,1.413
1760709579.2174675,1.418,1.414
1760709579.222888,1.469,1.419
1760709579.2287257,1.452,1.423
1760709579.234564,1.32,1.412
1760709579.2400212,1.354,1.407
1760709579.245478,1.539,1.42
1760709579.251309,1.551,1.433
1760709579.2571716,1.417,1.431
1760709579.262641,1.427,1.431
1760709579.2684755,1.601,1.448
1760709579.2739298,1.586,1.462
1760709579.2797647,1.394,1.455
1760709579.285255,1.43,1.453
1760709579.2910862,1.571,1.464
1760709579.2970054,1.51,1.469
1760709579.302841,1.3,1.452
1760709579.3082573,1.405,1.447
1760709579.3139575,1.624,1.465
1760709579.319297,1.411,1.46
1760709579.3250601,1.513,1.465
1760709579.330479,1.698,1.488
1760709579.3364065,1.797,1.519
1760709579.3418481,1.62,1.529
1760709579.3476784,1.433,1.52
1760709579.3531494,1.442,1.512
1760709579.3585913,1.546,1.515
1760709579.3644452,1.466,1.51
1760709579.3698623,1.289,1.488
1760709579.3753796,1.484,1.488
1760709579.3810794,1.567,1.496
1760709579.3864908,1.456,1.492
1760709579.3919237,1.307,1.473
1760709579.3978155,1.371,1.463
1760709579.403656,1.455,1.462
1760709579.4090762,1.34,1.45
1760709579.414912,1.27,1.432
1760709579.4204016,1.397,1.428
1760709579.4260244,1.55,1.441
1760709579.4314728,1.418,1.438
1760709579.4373431,1.336,1.428
1760709579.4431765,1.405,1.426
1760709579.4490082,1.549,1.438
1760709579.4544325,1.384,1.433
1760709579.4602702,1.285,1.418
1760709579.465693,1.376,1.414
1760709579.471527,1.501,1.423
1760709579.4774072,1.354,1.416
1760709579.4832358,1.295,1.404
1760709579.4890747,1.448,1.408
1760709579.4945283,1.614,1.429
1760709579.4999826,1.494,1.435
1760709579.5054667,1.334,1.425
1760709579.5108917,1.509,1.433
1760709579.5167441,1.535,1.444
1760709579.5221817,1.506,1.45
1760709579.5280137,1.311,1.436
1760709579.5338519,1.42,1.434
1760709579.5396903,1.53,1.444
1760709579.545287,1.474,1.447
1760709579.5511422,1.295,1.432
1760709579.5569713,1.407,1.429
1760709579.5628006,1.523,1.439
1760709579.5681508,1.457,1.44
1760709579.5734642,1.322,1.429
1760709579.5787983,1.38,1.424
1760709579.5841305,1.597,1.441
1760709579.589467,1.566,1.454
1760709579.594797,1.35,1.443
1760709579.6001458,1.483,1.447
1760709579.6054895,1.624,1.465
1760709579.610795,1.509,1.469
1760709579.616204,1.362,1.458
1760709579.6215966,1.474,1.46
1760709579.626975,1.54,1.468
1760709579.6323528,1.38,1.459
1760709579.6377463,1.276,1.441
1760709579.643097,1.433,1.44
1760709579.648438,1.534,1.45
1760709579.6537638,1.405,1.445
1760709579.6590877,1.287,1.429
1760709579.6645627,1.414,1.428
1760709579.6699016,1.523,1.437
1760709579.6753058,1.423,1.436
1760709579.6807156,1.208,1.413
1760709579.6860888,1.33,1.405
1760709579.6915011,1.498,1.414
1760709579.6971078,1.471,1.42
1760709579.7025266,1.333,1.411
1760709579.7079482,1.449,1.415
1760709579.7135825,1.542,1.428
1760709579.7191646,1.437,1.429
1760709579.724569,1.285,1.414
1760709579.7300105,1.405,1.413
1760709579.7354236,1.509,1.423
1760709579.7410796,1.384,1.419
1760709579.7467878,1.275,1.404
1760709579.7523947,1.451,1.409
1760709579.7578626,1.531,1.421
1760709579.7634695,1.378,1.417
1760709579.7688777,1.185,1.394
1760709579.774289,1.503,1.405
1760709579.780121,1.562,1.42
1760709579.7855322,1.466,1.425
1760709579.7910035,1.328,1.415
1760709579.7966726,1.488,1.423
1760709579.8021157,1.553,1.436
1760709579.8076468,1.403,1.432
1760709579.8129761,1.314,1.42
1760709579.8183534,1.434,1.422
1760709579.8237739,1.555,1.435
1760709579.8294716,1.462,1.438
1760709579.8352084,1.338,1.428
1760709579.8410833,1.459,1.431
1760709579.8469143,1.545,1.442
1760709579.8527808,1.42,1.44
1760709579.858814,1.4,1.436
1760709579.8646612,1.529,1.445
1760709579.8701391,1.6,1.461
1760709579.8755617,1.393,1.454
1760709579.8810074,1.366,1.445
1760709579.88642,1.437,1.444
1760709579.8918593,1.546,1.455
1760709579.8977168,1.431,1.452
1760709579.9035506,1.326,1.44
1760709579.9088883,1.382,1.434
1760709579.9142165,1.515,1.442
1760709579.91978,1.514,1.449
1760709579.9251118,1.359,1.44
1760709579.9304442,1.458,1.442
1760709579.9357736,1.575,1.455
1760709579.941108,1.462,1.456
1760709579.9464474,1.364,1.447
1760709579.9517798,1.473,1.449
1760709579.957132,1.534,1.458
1760709579.9624674,1.414,1.454
1760709579.9678037,1.297,1.438
1760709579.9732878,1.442,1.438
1760709579.9791212,1.516,1.446
1760709579.9845264,1.385,1.44
1760709579.9898767,1.253,1.421
1760709579.9953494,1.468,1.426
1760709580.0006793,1.479,1.431
1760709580.0060294,1.449,1.433
1760709580.0113516,1.33,1.423
1760709580.016648,1.457,1.426
1760709580.021952,1.526,1.436
1760709580.0272775,1.431,1.436
1760709580.0326934,1.327,1.425
1760709580.0380352,1.457,1.428
1760709580.0434284,1.571,1.442
1760709580.0487602,1.431,1.441
1760709580.0540898,1.286,1.426
1760709580.0594168,1.501,1.433
1760709580.0654116,1.543,1.444
1760709580.0708277,1.354,1.435
1760709580.07666,1.305,1.422
1760709580.0820737,1.437,1.424
1760709580.0879028,1.443,1.426
1760709580.0937693,1.44,1.427
1760709580.0991836,1.337,1.418
1760709580.1046226,1.431,1.419
1760709580.1100225,1.585,1.436
1760709580.1154277,1.45,1.437
1760709580.1213028,1.422,1.436
1760709580.1271393,1.577,1.45
1760709580.132606,1.523,1.457
1760709580.138431,1.43,1.454
1760709580.143945,1.365,1.446
1760709580.1493976,1.496,1.451
1760709580.1552274,1.65,1.47
1760709580.1610253,1.596,1.483
1760709580.1665576,1.486,1.483
1760709580.172391,1.573,1.492
1760709580.1779647,1.669,1.51
1760709580.1837943,1.534,1.512
1760709580.1896582,1.418,1.503
1760709580.1950998,1.572,1.51
1760709580.2009764,1.835,1.542
1760709580.2063932,1.754,1.564
1760709580.2117841,1.613,1.569
1760709580.2171085,1.614,1.573
1760709580.2225323,1.588,1.575
1760709580.228413,1.442,1.561
1760709580.2339768,1.31,1.536
1760709580.2394753,1.37,1.52
1760709580.244908,1.384,1.506
1760709580.2503173,1.289,1.484
1760709580.255936,1.225,1.458
1760709580.261795,1.302,1.443
1760709580.2672412,1.354,1.434
1760709580.2730742,1.282,1.419
1760709580.2789104,1.214,1.398
1760709580.2844565,1.314,1.39
1760709580.289911,1.43,1.394
1760709580.2958574,1.263,1.381
1760709580.3017044,1.255,1.368
1760709580.3075364,1.368,1.368
1760709580.3131576,1.328,1.364
1760709580.3185012,1.301,1.358
1760709580.3238487,1.276,1.35
1760709580.3292072,1.38,1.353
1760709580.334553,1.424,1.36
1760709580.339909,1.333,1.357
1760709580.3452945,1.27,1.348
1760709580.350624,1.39,1.353
1760709580.355955,1.465,1.364
1760709580.3613136,1.393,1.367
1760709580.366648,1.281,1.358
1760709580.3719797,1.38,1.36
1760709580.3773417,1.472,1.371
1760709580.3825881,1.189,1.353
1760709580.38843,1.287,1.346
1760709580.3939996,1.398,1.352
1760709580.3998408,1.447,1.361
1760709580.4056358,1.342,1.359
1760709580.4110363,1.284,1.352
1760709580.4168963,1.397,1.356
1760709580.4223523,1.505,1.371
1760709580.428219,1.429,1.377
1760709580.4339333,1.358,1.375
1760709580.439839,1.47,1.384
1760709580.4454677,1.525,1.398
1760709580.4508908,1.414,1.4
1760709580.456717,1.424,1.402
1760709580.4621933,1.545,1.417
1760709580.468022,1.56,1.431
1760709580.4736607,1.363,1.424
1760709580.4791195,1.314,1.413
1760709580.4849796,1.352,1.407
1760709580.490452,1.579,1.424
1760709580.4958756,1.485,1.43
1760709580.5017443,1.397,1.427
1760709580.5071683,1.509,1.435
1760709580.513024,1.532,1.445
1760709580.518804,1.431,1.443
1760709580.5242312,1.405,1.44
1760709580.530078,1.496,1.445
1760709580.535477,1.476,1.448
1760709580.5408976,1.457,1.449
1760709580.546376,1.388,1.443
1760709580.5522041,1.415,1.44
1760709580.5578756,1.498,1.446
1760709580.5632775,1.482,1.45
1760709580.5686097,1.367,1.441
1760709580.5740297,1.38,1.435
1760709580.5799096,1.612,1.453
1760709580.5854242,1.497,1.457
1760709580.5911613,1.442,1.456
1760709580.5970602,1.513,1.462
1760709580.6025078,1.525,1.468
1760709580.6079388,1.444,1.466
1760709580.6138859,1.368,1.456
1760709580.6197207,1.431,1.453
1760709580.6253762,1.493,1.457
1760709580.6313295,1.388,1.45
1760709580.6371596,1.358,1.441
1760709580.642511,1.481,1.445
1760709580.6483412,1.523,1.453
1760709580.6539745,1.449,1.453
1760709580.6594563,1.427,1.45
1760709580.6653566,1.546,1.46
1760709580.671187,1.584,1.472
1760709580.6770198,1.455,1.47
1760709580.6828635,1.43,1.466
1760709580.688727,1.534,1.473
1760709580.6941867,1.564,1.482
1760709580.6996663,1.427,1.477
1760709580.7050862,1.354,1.464
1760709580.710503,1.455,1.463
1760709580.7159226,1.509,1.468
1760709580.7217946,1.396,1.461
1760709580.7276247,1.328,1.447
1760709580.7330997,1.485,1.451
1760709580.7389286,1.545,1.461
1760709580.7447586,1.44,1.459
1760709580.7501693,1.38,1.451
1760709580.755587,1.496,1.455
1760709580.7614293,1.548,1.465
1760709580.767405,1.406,1.459
1760709580.7730944,1.341,1.447
1760709580.7789292,1.439,1.446
1760709580.7843688,1.6,1.462
1760709580.7900217,1.457,1.461
1760709580.795914,1.367,1.452
1760709580.801758,1.494,1.456
1760709580.8075962,1.546,1.465
1760709580.8134584,1.418,1.46
1760709580.8188543,1.358,1.45
1760709580.8242755,1.452,1.45
1760709580.8299763,1.508,1.456
1760709580.8353999,1.397,1.45
1760709580.8412852,1.337,1.439
1760709580.847117,1.476,1.442
1760709580.85295,1.501,1.448
1760709580.8588078,1.409,1.444
1760709580.8646557,1.401,1.44
1760709580.8700798,1.517,1.448
1760709580.8759084,1.56,1.459
1760709580.8815682,1.453,1.458
1760709580.887052,1.436,1.456
1760709580.892976,1.483,1.459
1760709580.8984206,1.582,1.471
1760709580.9042451,1.438,1.468
1760709580.909673,1.367,1.458
1760709580.9150076,1.471,1.459
1760709580.9203413,1.509,1.464
1760709580.9256706,1.397,1.457
1760709580.9310002,1.33,1.445
1760709580.9363341,1.388,1.439
1760709580.9416776,1.549,1.45
1760709580.9470108,1.435,1.448
1760709580.95234,1.43,1.447
1760709580.9580474,1.542,1.456
1760709580.9633846,1.555,1.466
1760709580.9687269,1.457,1.465
1760709580.9741476,1.501,1.469
1760709580.9798687,1.612,1.483
1760709580.9854133,1.624,1.497
1760709580.9907517,1.482,1.496
1760709580.9960806,1.404,1.486
1760709581.0014923,1.504,1.488
1760709581.0068803,1.509,1.49
1760709581.012251,1.355,1.477
1760709581.017596,1.274,1.456
1760709581.022924,1.38,1.449
1760709581.0282867,1.43,1.447
1760709581.0336826,1.329,1.435
1760709581.0395553,1.289,1.42
1760709581.0449834,1.417,1.42
1760709581.0504675,1.475,1.426
1760709581.0563018,1.336,1.417
1760709581.0617175,1.346,1.41
1760709581.0675485,1.508,1.419
1760709581.073241,1.543,1.432
1760709581.0790708,1.405,1.429
1760709581.0845075,1.376,1.424
1760709581.089938,1.491,1.43
1760709581.095358,1.534,1.441
1760709581.100765,1.401,1.437
1760709581.1061754,1.343,1.428
1760709581.111691,1.469,1.432
1760709581.1170998,1.509,1.439
1760709581.1224244,1.395,1.435
1760709581.1278505,1.321,1.424
1760709581.1337085,1.452,1.426
1760709581.1391282,1.459,1.43
1760709581.1445549,1.38,1.425
1760709581.1500635,1.336,1.416
1760709581.155489,1.496,1.424
1760709581.1613543,1.388,1.42
1760709581.1668386,1.484,1.427
1760709581.1726675,1.377,1.422
1760709581.1781228,1.492,1.429
1760709581.1835632,1.527,1.439
1760709581.1894917,1.372,1.432
1760709581.1949503,1.342,1.423
1760709581.2004254,1.434,1.424
1760709581.2063973,1.474,1.429
1760709581.212314,1.352,1.421
1760709581.2178452,1.335,1.413
1760709581.223747,1.455,1.417
1760709581.2295895,1.584,1.434
1760709581.235105,1.376,1.428
1760709581.2405581,1.422,1.427
1760709581.246408,1.527,1.437
1760709581.2522368,1.613,1.455
1760709581.2579641,1.442,1.454
1760709581.263395,1.405,1.449
1760709581.2687886,1.5,1.454
1760709581.2741222,1.455,1.454
1760709581.279551,1.341,1.443
1760709581.2853112,1.302,1.429
1760709581.2907481,1.388,1.425
1760709581.296578,1.417,1.424
1760709581.3019726,1.302,1.412
1760709581.3074715,1.289,1.399
1760709581.3129249,1.458,1.405
1760709581.318255,1.476,1.412
1760709581.3235836,1.281,1.399
1760709581.3294373,1.282,1.387
1760709581.3348334,1.596,1.408
1760709581.340252,1.5,1.417
1760709581.3456998,1.413,1.417
1760709581.3515396,1.405,1.416
1760709581.3573267,1.505,1.425
1760709581.3631573,1.508,1.433
1760709581.3685682,1.381,1.428
1760709581.3740005,1.343,1.419
1760709581.3798285,1.47,1.424
1760709581.3853064,1.471,1.429
1760709581.390722,1.365,1.423
1760709581.3961492,1.29,1.409
1760709581.401965,1.444,1.413
1760709581.4078045,1.523,1.424
1760709581.413662,1.376,1.419
1760709581.4190822,1.297,1.407
1760709581.4249172,1.534,1.42
1760709581.4308197,1.506,1.428
1760709581.4366574,1.406,1.426
1760709581.4421391,1.423,1.426
1760709581.4479687,1.561,1.439
1760709581.4537003,1.505,1.446
1760709581.4592824,1.385,1.44
1760709581.464771,1.333,1.429
1760709581.4702883,1.448,1.431
1760709581.475716,1.488,1.437
1760709581.4812388,1.38,1.431
1760709581.4870694,1.334,1.421
1760709581.4929016,1.469,1.426
1760709581.498784,1.55,1.438
1760709581.5042515,1.406,1.435
1760709581.5096931,1.411,1.433
1760709581.5151339,1.536,1.443
1760709581.520568,1.571,1.456
1760709581.526397,1.432,1.454
1760709581.5318274,1.404,1.449
1760709581.5372918,1.517,1.455
1760709581.5431702,1.548,1.465
1760709581.5490088,1.38,1.456
1760709581.5548434,1.358,1.446
1760709581.560305,1.513,1.453
1760709581.5657277,1.533,1.461
1760709581.571064,1.403,1.455
1760709581.576899,1.38,1.448
1760709581.5823884,1.525,1.455
1760709581.5878007,1.537,1.463
1760709581.5931306,1.408,1.458
1760709581.5984664,1.33,1.445
1760709581.6037943,1.481,1.449
1760709581.6092083,1.572,1.461
1760709581.6146152,1.407,1.456
1760709581.6199474,1.388,1.449
1760709581.625459,1.504,1.454
1760709581.6313066,1.559,1.465
1760709581.6372466,1.38,1.456
1760709581.6427166,1.392,1.45
1760709581.6485472,1.542,1.459
1760709581.65396,1.546,1.468
1760709581.6597896,1.426,1.464
1760709581.6652424,1.359,1.453
1760709581.670601,1.616,1.469
1760709581.6764781,1.51,1.473
1760709581.6818924,1.089,1.435
1760709581.6873047,1.293,1.421
1760709581.693142,1.377,1.416
1760709581.698571,1.509,1.426
1760709581.7039893,1.35,1.418
1760709581.709859,1.435,1.42
1760709581.7153387,1.529,1.431
1760709581.7206473,1.542,1.442
1760709581.7261178,1.384,1.436
1760709581.7316012,1.391,1.431
1760709581.737486,1.457,1.434
1760709581.7433238,1.475,1.438
1760709581.748753,1.297,1.424
1760709581.7546937,1.31,1.413
1760709581.760117,1.414,1.413
1760709581.7656367,1.421,1.413
1760709581.771469,1.274,1.4
1760709581.7773395,1.261,1.386
1760709581.7828403,1.405,1.388
1760709581.7886665,1.471,1.396
1760709581.7941275,1.328,1.389
1760709581.79995,1.347,1.385
1760709581.8053987,1.555,1.402
1760709581.811217,1.687,1.43
1760709581.8171272,1.509,1.438
1760709581.8225787,1.523,1.447
1760709581.8284197,1.663,1.468
1760709581.83402,1.639,1.485
1760709581.8398688,1.53,1.49
1760709581.845832,1.506,1.492
1760709581.8516667,1.626,1.505
1760709581.857382,1.625,1.517
1760709581.86322,1.442,1.51
1760709581.8686588,1.417,1.5
1760709581.8741603,1.471,1.497
1760709581.8800082,1.498,1.497
1760709581.8854618,1.457,1.493
1760709581.8911636,1.368,1.481
1760709581.8970482,1.479,1.481
1760709581.9028828,1.537,1.486
1760709581.9083052,1.38,1.476
1760709581.9137423,1.381,1.466
1760709581.9190786,1.498,1.469
1760709581.9244127,1.469,1.469
1760709581.9297438,1.326,1.455
1760709581.935078,1.305,1.44
1760709581.940419,1.459,1.442
1760709581.945784,1.469,1.445
1760709581.9511173,1.237,1.424
1760709581.9564507,1.324,1.414
1760709581.961801,1.475,1.42
1760709581.967149,1.496,1.428
1760709581.9723706,1.401,1.425
1760709581.9775667,1.301,1.413
1760709581.9828918,1.495,1.421
1760709581.9885008,1.56,1.435
1760709581.9939284,1.459,1.437
1760709581.9993987,1.456,1.439
1760709582.0048208,1.624,1.458
1760709582.010076,1.635,1.475
1760709582.015418,1.481,1.476
1760709582.0209208,1.484,1.477
1760709582.026324,1.56,1.485
1760709582.0317142,1.461,1.483
1760709582.0370417,1.488,1.483
1760709582.0423656,1.524,1.487
1760709582.04808,1.442,1.483
1760709582.053708,1.669,1.501
1760709582.059184,1.548,1.506
1760709582.0648832,1.487,1.504
1760709582.070334,1.58,1.512
1760709582.0759444,1.53,1.514
1760709582.081596,1.353,1.498
1760709582.087074,1.328,1.481
1760709582.0929918,1.498,1.482
1760709582.0988271,1.49,1.483
1760709582.1047907,1.376,1.472
1760709582.1102035,1.374,1.463
1760709582.1157105,1.723,1.489
1760709582.121556,1.522,1.492
1760709582.1274278,1.617,1.504
1760709582.1329398,1.459,1.5
1760709582.1383483,1.666,1.516
1760709582.1441844,1.638,1.529
1760709582.149568,1.441,1.52
1760709582.1553695,1.406,1.509
1760709582.1612308,1.563,1.514
1760709582.1667254,1.626,1.525
1760709582.1725543,1.356,1.508
1760709582.1779716,1.321,1.49
1760709582.1837788,1.482,1.489
1760709582.1895435,1.484,1.488
1760709582.19497,1.422,1.482
1760709582.200416,1.358,1.469
1760709582.2063744,1.592,1.481
1760709582.2118044,1.545,1.488
1760709582.2172647,1.439,1.483
1760709582.2230957,1.48,1.483
1760709582.228929,1.674,1.502
1760709582.234352,1.596,1.511
1760709582.239793,1.363,1.496
1760709582.2453158,1.443,1.491
1760709582.2510748,1.575,1.5
1760709582.2564855,1.459,1.496
1760709582.2623808,1.381,1.484
1760709582.2678156,1.355,1.471
1760709582.2732813,1.521,1.476
1760709582.2791111,1.53,1.482
1760709582.284807,1.401,1.474
1760709582.2906883,1.38,1.464
1760709582.2965214,1.548,1.473
1760709582.301969,1.575,1.483
1760709582.3073971,1.414,1.476
1760709582.3132298,1.426,1.471
1760709582.3185644,1.65,1.489
1760709582.3239222,1.536,1.493
1760709582.3293447,1.404,1.485
1760709582.334776,1.496,1.486
1760709582.340402,1.577,1.495
1760709582.3458276,1.508,1.496
1760709582.3516574,1.393,1.486
1760709582.3575487,1.397,1.477
1760709582.3633807,1.52,1.481
1760709582.3687987,1.509,1.484
1760709582.374628,1.351,1.471
1760709582.3800576,1.384,1.462
1760709582.3855054,1.534,1.469
1760709582.3913412,1.484,1.471
1760709582.396816,1.297,1.453
1760709582.4027822,1.563,1.464
1760709582.4082043,1.609,1.479
1760709582.4139628,1.624,1.493
1760709582.4198356,1.471,1.491
1760709582.4256682,1.443,1.486
1760709582.4312596,1.567,1.494
1760709582.4366791,1.527,1.498
1760709582.4425728,1.405,1.488
1760709582.4484081,1.43,1.483
1760709582.453966,1.564,1.491
1760709582.4593954,1.543,1.496
1760709582.464839,1.464,1.493
1760709582.4702663,1.345,1.478
1760709582.476099,1.671,1.497
1760709582.481566,1.536,1.501
1760709582.4874403,1.468,1.498
1760709582.49332,1.487,1.497
1760709582.4991574,1.662,1.513
1760709582.5045967,1.621,1.524
1760709582.5100648,1.431,1.515
1760709582.5154932,1.459,1.509
1760709582.5213532,1.62,1.52
1760709582.5271857,1.551,1.523
1760709582.5326135,1.417,1.513
1760709582.5380495,1.454,1.507
1760709582.5438852,1.622,1.518
1760709582.5493374,1.586,1.525
1760709582.5551689,1.41,1.514
1760709582.5606613,1.415,1.504
1760709582.5664957,1.591,1.512
1760709582.5723317,1.617,1.523
1760709582.5781689,1.517,1.522
1760709582.5840037,1.479,1.518
1760709582.5894847,1.61,1.527
1760709582.5949392,1.522,1.527
1760709582.6009042,1.392,1.513
1760709582.606737,1.481,1.51
1760709582.6125684,1.658,1.525
1760709582.6179998,1.608,1.533
1760709582.6238027,1.446,1.524
1760709582.629637,1.476,1.519
1760709582.6351717,1.607,1.528
1760709582.6410925,1.569,1.532
1760709582.6469567,1.427,1.522
1760709582.6527874,1.401,1.51
1760709582.6582618,1.559,1.515
1760709582.6635678,1.6,1.523
1760709582.6689136,1.297,1.501
1760709582.674251,1.473,1.498
1760709582.679578,1.588,1.507
1760709582.684909,1.556,1.512
1760709582.6903224,1.38,1.499
1760709582.6961515,1.401,1.489
1760709582.701961,1.625,1.503
1760709582.7074063,1.567,1.509
1760709582.7132716,1.405,1.499
1760709582.7190993,1.443,1.493
1760709582.725023,1.612,1.505
1760709582.7308629,1.575,1.512
1760709582.7367013,1.362,1.497
1760709582.742499,1.35,1.482
1760709582.7483246,1.609,1.495
1760709582.7539723,1.539,1.499
1760709582.7594929,1.305,1.48
1760709582.76537,1.401,1.472
1760709582.770877,1.575,1.482
1760709582.7763164,1.56,1.49
1760709582.7817438,1.407,1.482
1760709582.787573,1.473,1.481
1760709582.7934277,1.65,1.498
1760709582.7993734,1.621,1.51
1760709582.8048024,1.463,1.505
1760709582.8106806,1.498,1.505
1760709582.8162112,1.622,1.516
1760709582.821716,1.505,1.515
1760709582.8271325,1.496,1.513
1760709582.8328295,1.384,1.5
1760709582.838283,1.575,1.508
1760709582.8441122,1.51,1.508
1760709582.8495553,1.39,1.496
1760709582.85504,1.483,1.495
1760709582.8608983,1.532,1.499
1760709582.8663406,1.556,1.504
1760709582.8721962,1.413,1.495
1760709582.877977,1.424,1.488
1760709582.8838122,1.585,1.498
1760709582.889777,1.54,1.502
1760709582.895766,1.368,1.489
1760709582.901723,1.401,1.48
1760709582.9072008,1.534,1.485
1760709582.9126089,1.467,1.483
1760709582.917944,1.378,1.473
1760709582.923277,1.403,1.466
1760709582.9286091,1.613,1.481
1760709582.9339547,1.546,1.487
1760709582.9392905,1.368,1.475
1760709582.9446251,1.426,1.47
1760709582.949957,1.58,1.481
1760709582.9552877,1.586,1.492
1760709582.961018,1.303,1.473
1760709582.9663794,1.481,1.474
1760709582.9717124,1.61,1.487
1760709582.9770405,1.516,1.49
1760709582.9823656,1.432,1.484
1760709582.9879675,1.468,1.483
1760709582.9938347,1.583,1.493
1760709582.9992487,1.503,1.494
1760709583.004677,1.345,1.479
1760709583.0100389,1.409,1.472
1760709583.0154781,1.586,1.483
1760709583.0210981,1.516,1.487
1760709583.026512,1.326,1.471
1760709583.0319412,1.472,1.471
1760709583.037423,1.64,1.488
1760709583.0432563,1.453,1.484
1760709583.049088,1.545,1.49
1760709583.0545092,1.547,1.496
1760709583.0603378,1.689,1.515
1760709583.0657668,1.612,1.525
1760709583.0715678,1.437,1.516
1760709583.0774312,1.364,1.501
1760709583.0832646,1.509,1.502
1760709583.0890975,1.444,1.496
1760709583.094617,1.33,1.479
1760709583.1000805,1.409,1.472
1760709583.105512,1.523,1.477
1760709583.1113532,1.571,1.487
1760709583.1172066,1.401,1.478
1760709583.1226332,1.584,1.489
1760709583.1279662,1.724,1.512
1760709583.133375,1.72,1.533
1760709583.1387942,1.552,1.535
1760709583.144351,1.501,1.532
1760709583.1497447,1.664,1.545
1760709583.155332,1.609,1.551
1760709583.1608264,1.442,1.54
1760709583.166238,1.408,1.527
1760709583.172068,1.514,1.526
1760709583.1779175,1.461,1.519
1760709583.1837487,1.359,1.503
1760709583.1895874,1.346,1.488
1760709583.1950364,1.556,1.494
1760709583.2008698,1.6,1.505
1760709583.2066998,1.483,1.503
1760709583.2125468,1.534,1.506
1760709583.2179692,1.662,1.522
1760709583.2236302,1.536,1.523
1760709583.2294953,1.56,1.527
1760709583.235115,1.571,1.531
1760709583.2408955,1.666,1.545
1760709583.2463205,1.578,1.548
1760709583.2522416,1.388,1.532
1760709583.2579262,1.388,1.518
1760709583.2633507,1.472,1.513
1760709583.2686808,1.405,1.502
1760709583.2740123,1.385,1.491
1760709583.2793431,1.418,1.483
1760709583.285127,1.626,1.498
1760709583.2906795,1.56,1.504
1760709583.29627,1.437,1.497
1760709583.3019786,1.509,1.498
1760709583.3078065,1.575,1.506
1760709583.3136702,1.621,1.517
1760709583.3190873,1.477,1.513
1760709583.3244348,1.506,1.513
1760709583.3299944,1.585,1.52
1760709583.3354044,1.538,1.522
1760709583.3408291,1.339,1.503
1760709583.3518152,1.575,1.449
1760709583.3571415,1.326,1.436
1760709583.3624835,1.354,1.428
1760709583.3678432,1.459,1.431
1760709583.3731694,1.395,1.427
1760709583.3784924,1.203,1.405
1760709583.3838155,1.391,1.404
1760709583.3891392,1.405,1.404
1760709583.3944721,1.38,1.401
1760709583.399809,1.428,1.404
1760709583.4051309,1.458,1.409
1760709583.4105563,1.551,1.424
1760709583.416312,1.434,1.425
1760709583.4217453,1.313,1.413
1760709583.4275706,1.403,1.412
1760709583.4329858,1.517,1.423
1760709583.438395,1.429,1.423
1760709583.4442308,1.281,1.409
1760709583.4496598,1.354,1.404
1760709583.4551036,1.542,1.417
1760709583.4605806,1.351,1.411
1760709583.466043,1.276,1.397
1760709583.4718752,1.33,1.391
1760709583.47772,1.516,1.403
1760709583.4835484,1.371,1.4
1760709583.4894288,1.184,1.378
1760709583.4952495,1.479,1.388
1760709583.5008972,1.578,1.407
1760709583.5063777,1.452,1.412
1760709583.5118616,1.38,1.409
1760709583.517293,1.437,1.411
1760709583.52313,1.56,1.426
1760709583.5289598,1.431,1.427
1760709583.534402,1.318,1.416
1760709583.5399477,1.436,1.418
1760709583.5454137,1.53,1.429
1760709583.5512428,1.366,1.423
1760709583.5570724,1.288,1.409
1760709583.56255,1.483,1.417
1760709583.5679798,1.544,1.429
1760709583.573435,1.385,1.425
1760709583.5788581,1.47,1.429
1760709583.5842812,1.457,1.432
1760709583.589635,1.496,1.439
1760709583.5949671,1.462,1.441
1760709583.6002972,1.34,1.431
1760709583.6056273,1.423,1.43
1760709583.6109588,1.56,1.443
1760709583.6162882,1.433,1.442
1760709583.621614,1.322,1.43
1760709583.6269405,1.417,1.429
1760709583.6322684,1.496,1.435
1760709583.6376019,1.379,1.43
1760709583.642996,1.34,1.421
1760709583.6483622,1.402,1.419
1760709583.6536996,1.511,1.428
1760709583.659356,1.38,1.423
1760709583.665238,1.31,1.412
1760709583.671064,1.407,1.412
1760709583.6768951,1.584,1.429
1760709583.6823068,1.429,1.429
1760709583.688136,1.422,1.428
1760709583.694026,1.452,1.43
1760709583.6994545,1.53,1.44
1760709583.7052846,1.396,1.436
1760709583.7111208,1.339,1.426
1760709583.7165394,1.455,1.429
1760709583.721993,1.543,1.44
1760709583.7278411,1.483,1.445
1760709583.7336814,1.295,1.43
1760709583.7391152,1.436,1.43
1760709583.7448049,1.44,1.431
1760709583.7502856,1.383,1.426
1760709583.756238,1.204,1.404
1760709583.7616627,1.47,1.411
1760709583.7671125,1.594,1.429
1760709583.7729554,1.419,1.428
1760709583.778796,1.32,1.417
1760709583.7842982,1.429,1.418
1760709583.7897685,1.523,1.429
1760709583.7952282,1.405,1.427
1760709583.8010643,1.346,1.418
1760709583.8069048,1.471,1.424
1760709583.8127415,1.552,1.437
1760709583.8181722,1.405,1.433
1760709583.8236103,1.467,1.437
1760709583.8294938,1.302,1.423
1760709583.8352299,1.524,1.433
1760709583.8410666,1.355,1.425
1760709583.8468997,1.185,1.401
1760709583.852733,1.303,1.392
1760709583.8581579,1.658,1.418
1760709583.8639922,1.483,1.425
1760709583.869463,1.313,1.414
1760709583.8753557,1.434,1.416
1760709583.8808928,1.523,1.426
1760709583.886328,1.408,1.424
1760709583.8918965,1.311,1.413
1760709583.8977368,1.409,1.413
1760709583.90357,1.673,1.439
1760709583.9090092,1.443,1.439
1760709583.9143572,1.328,1.428
1760709583.9197085,1.457,1.431
1760709583.9250398,1.505,1.438
1760709583.9303708,1.571,1.452
1760709583.9357274,1.424,1.449
1760709583.9410613,1.335,1.438
1760709583.9464011,1.548,1.449
1760709583.9517343,1.395,1.443
1760709583.9570699,1.385,1.437
1760709583.9624207,1.431,1.437
1760709583.9677584,1.503,1.443
1760709583.973112,1.38,1.437
1760709583.9784431,1.289,1.422
1760709583.983765,1.384,1.418
1760709583.9890916,1.48,1.425
1760709583.9944274,1.389,1.421
1760709583.9997873,1.301,1.409
1760709584.0051482,1.361,1.404
1760709584.0104735,1.64,1.428
1760709584.0159,1.343,1.419
1760709584.0213685,1.367,1.414
1760709584.026704,1.426,1.415
1760709584.0320349,1.508,1.425
1760709584.0373805,1.385,1.421
1760709584.0428467,1.313,1.41
1760709584.0486748,1.416,1.41
1760709584.0540926,1.497,1.419
1760709584.0595052,1.385,1.416
1760709584.0653598,1.341,1.408
1760709584.0707552,1.421,1.409
1760709584.076291,1.461,1.415
1760709584.0817552,1.445,1.418
1760709584.087164,1.339,1.41
1760709584.0929992,1.433,1.412
1760709584.0984309,1.491,1.42
1760709584.1042676,1.442,1.422
1760709584.1096916,1.225,1.402
1760709584.1150994,1.359,1.398
