timestamp,raw,filtered
1760709514.2018938,1.494,1.467
1760709514.2072637,1.291,1.449
1760709514.2126167,1.416,1.446
1760709514.2179797,1.665,1.468
1760709514.2234383,1.395,1.461
1760709514.2288687,1.21,1.436
1760709514.2343225,1.447,1.437
1760709514.2397816,1.607,1.454
1760709514.2453215,1.328,1.441
1760709514.2508173,1.166,1.414
1760709514.2563884,1.494,1.422
1760709514.2617714,1.616,1.441
1760709514.2671359,1.42,1.439
1760709514.2724807,1.253,1.42
1760709514.2779548,1.459,1.424
1760709514.2833614,1.666,1.448
1760709514.2887006,1.31,1.435
1760709514.294053,1.189,1.41
1760709514.2993948,1.417,1.411
1760709514.304736,1.679,1.438
1760709514.3101618,1.546,1.448
1760709514.3155167,1.277,1.431
1760709514.320904,1.514,1.44
1760709514.3262665,1.682,1.464
1760709514.3316705,1.422,1.46
1760709514.3370235,1.208,1.435
1760709514.3423674,1.56,1.447
1760709514.348068,1.738,1.476
1760709514.353538,1.423,1.471
1760709514.359041,1.225,1.446
1760709514.3645952,1.448,1.446
1760709514.3705304,1.629,1.465
1760709514.3764374,1.437,1.462
1760709514.3818827,1.237,1.439
1760709514.3877287,1.483,1.444
1760709514.393376,1.663,1.466
1760709514.3988063,1.405,1.46
1760709514.4042408,1.235,1.437
1760709514.4099739,1.468,1.44
1760709514.4154234,1.677,1.464
1760709514.4208555,1.369,1.455
1760709514.4267185,1.218,1.431
1760709514.43261,1.464,1.434
1760709514.438059,1.637,1.454
1760709514.4437897,1.289,1.438
1760709514.4492366,1.106,1.405
1760709514.4546723,1.559,1.42
1760709514.4600983,1.745,1.453
1760709514.4656022,1.428,1.45
1760709514.4710286,1.318,1.437
1760709514.4768739,1.509,1.444
1760709514.482717,1.645,1.464
1760709514.4885604,1.414,1.459
1760709514.4940536,1.258,1.439
1760709514.4994872,1.488,1.444
1760709514.5056393,1.642,1.464
1760709514.511071,1.392,1.457
1760709514.5169964,1.237,1.435
1760709514.522491,1.534,1.445
1760709514.5283284,1.746,1.475
1760709514.5337448,1.521,1.479
1760709514.5395784,1.205,1.452
1760709514.544979,1.413,1.448
1760709514.5504642,1.617,1.465
1760709514.556301,1.397,1.458
1760709514.5617251,1.256,1.438
1760709514.5675688,1.504,1.445
1760709514.5731034,1.665,1.467
1760709514.578527,1.406,1.461
1760709514.584366,1.123,1.427
1760709514.5897858,1.437,1.428
1760709514.5952148,1.745,1.459
1760709514.6010532,1.4,1.453
1760709514.6068902,1.258,1.434
1760709514.612728,1.481,1.439
1760709514.6181593,1.566,1.451
1760709514.6236467,1.442,1.45
1760709514.6294315,1.319,1.437
1760709514.6348915,1.55,1.449
1760709514.6407561,1.663,1.47
1760709514.6461728,1.409,1.464
1760709514.6516392,1.197,1.437
1760709514.657504,1.48,1.442
1760709514.6633267,1.614,1.459
1760709514.6687398,1.385,1.451
1760709514.6741486,1.268,1.433
1760709514.6798532,1.503,1.44
1760709514.6853511,1.62,1.458
1760709514.691181,1.355,1.448
1760709514.6970723,1.199,1.423
1760709514.7029066,1.445,1.425
1760709514.708765,1.627,1.445
1760709514.7141817,1.51,1.452
1760709514.7196062,1.26,1.433
1760709514.7250268,1.53,1.442
1760709514.7303665,1.708,1.469
1760709514.735728,1.385,1.461
1760709514.7410579,1.256,1.44
1760709514.7464044,1.516,1.448
1760709514.7517488,1.679,1.471
1760709514.7570944,1.432,1.467
1760709514.7624524,1.237,1.444
1760709514.76778,1.466,1.446
1760709514.7731082,1.674,1.469
1760709514.7784545,1.429,1.465
1760709514.7837565,1.226,1.441
1760709514.7890625,1.509,1.448
1760709514.7944803,1.63,1.466
1760709514.799865,1.279,1.447
1760709514.8053792,1.274,1.43
1760709514.810733,1.521,1.439
1760709514.8161185,1.715,1.467
1760709514.8213596,1.495,1.469
1760709514.826588,1.233,1.446
1760709514.831792,1.514,1.453
1760709514.8370101,1.638,1.471
1760709514.842279,1.318,1.456
1760709514.847617,1.237,1.434
1760709514.8528209,1.472,1.438
1760709514.8581636,1.658,1.46
1760709514.8633826,1.405,1.454
1760709514.8686714,1.23,1.432
1760709514.8740926,1.495,1.438
1760709514.879415,1.611,1.455
1760709514.8848317,1.391,1.449
1760709514.8904543,1.276,1.432
1760709514.895842,1.55,1.444
1760709514.901168,1.697,1.469
1760709514.906495,1.344,1.456
1760709514.9118435,1.276,1.438
1760709514.9172137,1.523,1.447
1760709514.9225643,1.542,1.456
1760709514.9279122,1.468,1.458
1760709514.9333844,1.311,1.443
1760709514.938735,1.589,1.458
1760709514.944713,1.633,1.475
1760709514.9500804,1.384,1.466
1760709514.9554133,1.237,1.443
1760709514.9607496,1.509,1.45
1760709514.9660864,1.661,1.471
1760709514.9714777,1.38,1.462
1760709514.9769325,1.22,1.438
1760709514.9823565,1.533,1.447
1760709514.987742,1.636,1.466
1760709514.993102,1.368,1.456
1760709514.998438,1.229,1.433
1760709515.0039105,1.529,1.443
1760709515.0093153,1.612,1.46
1760709515.0146694,1.379,1.452
1760709515.0200067,1.237,1.43
1760709515.025422,1.516,1.439
1760709515.0308647,1.683,1.463
1760709515.0362318,1.369,1.454
1760709515.041572,1.304,1.439
1760709515.0469775,1.517,1.447
1760709515.052329,1.7,1.472
1760709515.0576413,1.382,1.463
1760709515.0629737,1.276,1.444
1760709515.0683203,1.594,1.459
1760709515.0736606,1.636,1.477
1760709515.079019,1.397,1.469
1760709515.0844429,1.21,1.443
1760709515.0897887,1.58,1.457
1760709515.0951173,1.692,1.48
1760709515.1004486,1.391,1.471
1760709515.105792,1.26,1.45
1760709515.111135,1.54,1.459
1760709515.116542,1.665,1.48
1760709515.1219575,1.368,1.468
1760709515.1274152,1.237,1.445
1760709515.1328278,1.557,1.456
1760709515.138181,1.638,1.475
1760709515.1435094,1.333,1.46
1760709515.1488423,1.279,1.442
1760709515.1541774,1.617,1.46
1760709515.1595078,1.586,1.472
1760709515.1648612,1.342,1.459
1760709515.1701992,1.015,1.415
1760709515.1756434,1.563,1.43
1760709515.1810884,1.735,1.46
1760709515.1864471,1.427,1.457
1760709515.1917832,1.293,1.441
1760709515.1971219,1.519,1.448
1760709515.202458,1.601,1.464
1760709515.2080104,1.33,1.45
1760709515.213632,1.26,1.431
1760709515.2190073,1.519,1.44
1760709515.2244244,1.658,1.462
1760709515.2298555,1.343,1.45
1760709515.2352254,1.237,1.429
1760709515.240554,1.593,1.445
1760709515.2459023,1.633,1.464
1760709515.2512631,1.404,1.458
1760709515.2566328,1.276,1.44
1760709515.2620897,1.509,1.447
1760709515.2675076,1.581,1.46
1760709515.2728589,1.368,1.451
1760709515.2781944,1.302,1.436
1760709515.283607,1.575,1.45
1760709515.2889466,1.662,1.471
1760709515.2942774,1.257,1.45
1760709515.2996066,1.135,1.418
1760709515.3049345,1.582,1.435
1760709515.310325,1.658,1.457
1760709515.315671,1.397,1.451
1760709515.3210504,1.224,1.428
1760709515.3264053,1.571,1.443
1760709515.3321764,1.664,1.465
1760709515.3378353,1.366,1.455
1760709515.343168,1.276,1.437
1760709515.3484948,1.648,1.458
1760709515.3538811,1.61,1.473
1760709515.3592165,1.354,1.461
1760709515.3645637,1.259,1.441
1760709515.3699508,1.561,1.453
1760709515.375294,1.584,1.466
1760709515.3806593,1.372,1.457
1760709515.3860526,1.302,1.441
1760709515.3913872,1.572,1.454
1760709515.3967164,1.629,1.472
1760709515.4020433,1.39,1.464
1760709515.407432,1.237,1.441
1760709515.4127927,1.472,1.444
1760709515.4182525,1.613,1.461
1760709515.4237185,1.382,1.453
1760709515.4291725,1.328,1.441
1760709515.4345274,1.55,1.451
1760709515.4398546,1.562,1.462
1760709515.445199,1.36,1.452
1760709515.450525,1.298,1.437
1760709515.4559236,1.572,1.45
1760709515.461305,1.624,1.468
1760709515.4666202,1.359,1.457
1760709515.4719882,1.281,1.439
1760709515.477539,1.536,1.449
1760709515.4828665,1.586,1.463
1760709515.4882092,1.352,1.452
1760709515.4935136,1.281,1.435
1760709515.4989045,1.56,1.447
1760709515.5042186,1.66,1.468
1760709515.5096743,1.354,1.457
1760709515.5149999,1.206,1.432
1760709515.5203586,1.598,1.449
1760709515.5258167,1.612,1.465
1760709515.531122,1.328,1.451
1760709515.5364625,1.22,1.428
1760709515.5417917,1.561,1.441
1760709515.5471945,1.629,1.46
1760709515.552625,1.38,1.452
1760709515.5579576,1.233,1.43
1760709515.56335,1.491,1.436
1760709515.5687788,1.61,1.454
1760709515.5742106,1.237,1.432
1760709515.5795283,1.362,1.425
1760709515.58486,1.548,1.437
1760709515.5902176,1.613,1.455
1760709515.5955577,1.305,1.44
1760709515.6008978,1.224,1.418
1760709515.6062412,1.575,1.434
1760709515.611573,1.638,1.454
1760709515.6169057,1.344,1.443
1760709515.6222339,1.264,1.425
1760709515.6275656,1.558,1.439
1760709515.6329787,1.606,1.455
1760709515.638332,1.339,1.444
1760709515.6436605,1.276,1.427
1760709515.6493647,1.567,1.441
1760709515.654782,1.701,1.467
1760709515.6604567,1.403,1.461
1760709515.6658626,1.237,1.438
1760709515.6714795,1.555,1.45
1760709515.6770465,1.614,1.466
1760709515.6824508,1.305,1.45
1760709515.6881726,1.227,1.428
1760709515.6937542,1.58,1.443
1760709515.6993632,1.592,1.458
1760709515.704983,1.359,1.448
1760709515.7105963,1.144,1.418
1760709515.7163715,1.69,1.445
1760709515.721807,1.611,1.461
1760709515.7274406,1.345,1.45
1760709515.733048,1.237,1.428
1760709515.7386606,1.585,1.444
1760709515.744491,1.63,1.463
1760709515.749903,1.363,1.453
1760709515.7552364,1.26,1.433
1760709515.7605655,1.577,1.448
1760709515.7659879,1.645,1.467
1760709515.7718186,1.327,1.453
1760709515.7776554,1.237,1.432
1760709515.7834823,1.57,1.446
1760709515.7894876,1.632,1.464
1760709515.7949054,1.29,1.447
1760709515.8003252,1.256,1.428
1760709515.8057852,1.56,1.441
1760709515.811204,1.633,1.46
1760709515.8167455,1.322,1.446
1760709515.8224108,1.144,1.416
1760709515.828282,1.661,1.441
1760709515.8336346,1.677,1.464
1760709515.8389635,1.354,1.453
1760709515.844352,1.237,1.432
1760709515.8497736,1.638,1.452
1760709515.8554235,1.642,1.471
1760709515.8608587,1.291,1.453
1760709515.8662682,1.295,1.437
1760709515.8720958,1.587,1.452
1760709515.8775406,1.578,1.465
1760709515.8833685,1.603,1.464
1760709515.889233,1.603,1.464
1760709515.894653,1.603,1.464
1760709515.900625,1.603,1.464
1760709515.9064598,1.603,1.464
1760709515.9118745,1.603,1.464
1760709515.9172587,1.603,1.464
1760709515.92259,1.603,1.464
1760709515.9279163,1.603,1.464
1760709515.9332724,1.603,1.464
1760709515.9386063,1.603,1.464
1760709515.9440389,1.603,1.464
1760709515.9493918,1.603,1.464
1760709515.954747,1.603,1.464
1760709515.9600782,1.603,1.464
1760709515.9654343,1.603,1.464
1760709515.9707596,1.603,1.464
1760709515.9763818,1.603,1.464
1760709515.981798,1.603,1.464
1760709515.9876301,1.603,1.464
1760709515.9935048,1.603,1.464
1760709515.9989874,1.603,1.464
1760709516.0043478,1.603,1.464
1760709516.0096738,1.603,1.464
1760709516.0152862,1.603,1.464
1760709516.02075,1.603,1.464
1760709516.0265362,1.603,1.464
1760709516.0323508,1.603,1.464
1760709516.0377367,1.603,1.464
1760709516.0431778,1.603,1.464
1760709516.048598,1.603,1.464
1760709516.0540345,1.603,1.464
1760709516.059871,1.603,1.464
1760709516.065331,1.603,1.464
1760709516.0711584,1.603,1.464
1760709516.0769892,1.603,1.464
1760709516.0824094,1.603,1.464
1760709516.0882437,1.603,1.464
1760709516.0939684,1.603,1.464
1760709516.0998023,1.603,1.464
1760709516.1052644,1.603,1.464
1760709516.1107216,1.603,1.464
1760709516.1161659,1.603,1.464
1760709516.1217792,1.603,1.464
1760709516.127507,1.603,1.464
1760709516.1329541,1.603,1.464
1760709516.1388037,1.603,1.464
1760709516.1446433,1.603,1.464
1760709516.150505,1.603,1.464
1760709516.1563766,1.603,1.464
1760709516.1620302,1.603,1.464
1760709516.1674442,1.603,1.464
1760709516.173329,1.603,1.464
1760709516.1791618,1.603,1.464
1760709516.184828,1.603,1.464
1760709516.190328,1.603,1.464
1760709516.1957715,1.603,1.464
1760709516.2016222,1.603,1.464
1760709516.2071166,1.603,1.464
1760709516.2126322,1.603,1.464
1760709516.2179897,1.603,1.464
1760709516.223408,1.603,1.464
1760709516.2288468,1.603,1.464
1760709516.234267,1.603,1.464
1760709516.2400615,1.603,1.464
1760709516.2454937,1.603,1.464
1760709516.2508266,1.603,1.464
1760709516.25626,1.603,1.464
1760709516.2619953,1.603,1.464
1760709516.2674177,1.603,1.464
1760709516.272912,1.603,1.464
1760709516.278372,1.603,1.464
1760709516.2842069,1.603,1.464
1760709516.289783,1.603,1.464
1760709516.295198,1.603,1.464
1760709516.300533,1.603,1.464
1760709516.305864,1.603,1.464
1760709516.3113396,1.603,1.464
1760709516.3171544,1.603,1.464
1760709516.3230243,1.603,1.464
1760709516.3288572,1.603,1.464
1760709516.334715,1.603,1.464
1760709516.340576,1.603,1.464
1760709516.34599,1.603,1.464
1760709516.3515906,1.603,1.464
1760709516.3573985,1.603,1.464
1760709516.3632305,1.603,1.464
1760709516.3690948,1.603,1.464
1760709516.374932,1.603,1.464
1760709516.380793,1.603,1.464
1760709516.3862028,1.603,1.464
1760709516.391831,1.603,1.464
1760709516.3976748,1.603,1.464
1760709516.4035168,1.603,1.464
1760709516.4095213,1.603,1.464
1760709516.4153905,1.603,1.464
1760709516.421267,1.603,1.464
1760709516.427107,1.603,1.464
1760709516.4329696,1.603,1.464
1760709516.4388175,1.603,1.464
1760709516.4446814,1.603,1.464
1760709516.4505148,1.603,1.464
1760709516.456152,1.603,1.464
1760709516.4616117,1.603,1.464
1760709516.4670892,1.603,1.464
1760709516.4728816,1.603,1.464
1760709516.4783268,1.603,1.464
1760709516.4841566,1.603,1.464
1760709516.4897876,1.603,1.464
1760709516.4952345,1.603,1.464
1760709516.501067,1.603,1.464
1760709516.5064795,1.603,1.464
1760709516.5121262,1.603,1.464
1760709516.5175493,1.603,1.464
1760709516.5233088,1.603,1.464
1760709516.5291395,1.603,1.464
1760709516.5350184,1.603,1.464
1760709516.5405445,1.603,1.464
1760709516.5463753,1.603,1.464
1760709516.5523243,1.603,1.464
1760709516.5577347,1.603,1.464
1760709516.5631413,1.603,1.464
1760709516.5685546,1.603,1.464
1760709516.5739696,1.603,1.464
1760709516.5798092,1.603,1.464
1760709516.5856755,1.603,1.464
1760709516.5911117,1.603,1.464
1760709516.5965385,1.603,1.464
1760709516.6019864,1.603,1.464
1760709516.6078176,1.603,1.464
1760709516.6132786,1.603,1.464
1760709516.6186893,1.603,1.464
1760709516.624132,1.603,1.464
1760709516.6299577,1.603,1.464
1760709516.6353781,1.603,1.464
1760709516.641256,1.603,1.464
1760709516.6471694,1.603,1.464
1760709516.6530087,1.603,1.464
1760709516.6584325,1.603,1.464
1760709516.6642685,1.603,1.464
1760709516.6697614,1.603,1.464
1760709516.6756423,1.603,1.464
1760709516.6810932,1.603,1.464
1760709516.686588,1.603,1.464
1760709516.692015,1.603,1.464
1760709516.6978574,1.603,1.464
1760709516.7037008,1.603,1.464
1760709516.7091384,1.603,1.464
1760709516.7146466,1.603,1.464
1760709516.7201128,1.603,1.464
1760709516.7259579,1.603,1.464
1760709516.7314749,1.603,1.464
1760709516.7373483,1.603,1.464
1760709516.7431798,1.603,1.464
1760709516.7488194,1.603,1.464
1760709516.7542622,1.603,1.464
1760709516.759682,1.603,1.463
1760709516.7655733,1.457,1.463
1760709516.7709394,1.457,1.463
1760709516.7767713,1.457,1.463
1760709516.782197,1.457,1.463
1760709516.7880375,1.457,1.463
1760709516.7938867,1.457,1.463
1760709516.7993436,1.457,1.463
1760709516.8052714,1.457,1.463
1760709516.811126,1.457,1.463
1760709516.8170009,1.457,1.463
1760709516.822869,1.457,1.463
1760709516.8287141,1.457,1.463
1760709516.8341556,1.457,1.463
1760709516.8396,1.457,1.463
1760709516.8450263,1.457,1.463
1760709516.8508627,1.457,1.463
1760709516.8562803,1.457,1.463
1760709516.8617067,1.457,1.463
1760709516.8671217,1.457,1.463
1760709516.872539,1.457,1.463
1760709516.8778725,1.457,1.463
1760709516.8832047,1.457,1.463
1760709516.8886113,1.457,1.463
1760709516.8940346,1.457,1.463
1760709516.8993688,1.457,1.463
1760709516.9047248,1.457,1.463
1760709516.9100697,1.457,1.463
1760709516.9153829,1.457,1.463
1760709516.9207084,1.457,1.463
1760709516.9260328,1.457,1.463
1760709516.9313655,1.457,1.463
1760709516.9366944,1.457,1.463
1760709516.9420245,1.457,1.463
1760709516.947519,1.457,1.463
1760709516.952704,1.457,1.463
1760709516.957921,1.457,1.463
1760709516.963145,1.457,1.463
1760709516.9683683,1.457,1.463
1760709516.9737556,1.457,1.463
1760709516.9790885,1.457,1.463
1760709516.9844122,1.457,1.463
1760709516.9897943,1.457,1.463
1760709516.9951189,1.457,1.463
1760709517.000451,1.457,1.463
1760709517.00579,1.457,1.463
1760709517.011122,1.457,1.463
1760709517.0164518,1.457,1.463
1760709517.021779,1.457,1.463
1760709517.0271204,1.457,1.463
1760709517.0324597,1.457,1.463
1760709517.038427,1.457,1.463
1760709517.043953,1.457,1.463
1760709517.0494606,1.457,1.463
1760709517.054894,1.457,1.463
1760709517.0607293,1.457,1.463
1760709517.0661504,1.457,1.463
1760709517.0719838,1.457,1.463
1760709517.0778377,1.457,1.463
1760709517.083241,1.457,1.463
1760709517.0891318,1.457,1.463
1760709517.0945756,1.457,1.463
1760709517.1000228,1.457,1.463
1760709517.1054928,1.457,1.463
1760709517.1109781,1.457,1.463
1760709517.1164432,1.457,1.463
1760709517.1223695,1.457,1.463
1760709517.1279018,1.457,1.463
1760709517.1333592,1.457,1.463
1760709517.1392095,1.457,1.463
1760709517.1450837,1.457,1.463
1760709517.1510422,1.457,1.463
1760709517.1568768,1.457,1.463
1760709517.1627083,1.457,1.463
1760709517.1685114,1.457,1.463
1760709517.1739314,1.457,1.463
1760709517.1797757,1.457,1.463
1760709517.1852407,1.457,1.463
1760709517.1910732,1.457,1.463
1760709517.196984,1.457,1.463
1760709517.2028186,1.457,1.463
1760709517.208241,1.457,1.463
1760709517.2139626,1.457,1.463
1760709517.2194643,1.457,1.463
1760709517.2247982,1.457,1.463
1760709517.230129,1.457,1.463
1760709517.235465,1.457,1.463
1760709517.2408583,1.457,1.463
1760709517.246266,1.457,1.463
1760709517.2517052,1.457,1.463
1760709517.2571206,1.457,1.463
1760709517.262521,1.457,1.463
1760709517.2679474,1.457,1.463
1760709517.2732868,1.457,1.463
1760709517.2791138,1.457,1.463
1760709517.2845097,1.457,1.463
1760709517.2899847,1.457,1.463
1760709517.295803,1.457,1.463
1760709517.3016696,1.457,1.463
1760709517.3075106,1.457,1.463
1760709517.3133965,1.457,1.463
1760709517.3187943,1.457,1.463
1760709517.3244083,1.457,1.463
1760709517.3299696,1.457,1.463
1760709517.335395,1.457,1.463
1760709517.3409145,1.457,1.463
1760709517.3464184,1.457,1.463
1760709517.352249,1.457,1.463
1760709517.357956,1.457,1.463
1760709517.3637903,1.457,1.463
1760709517.3696606,1.457,1.463
1760709517.375501,1.457,1.463
1760709517.3811245,1.457,1.463
1760709517.3869798,1.457,1.463
1760709517.392813,1.457,1.463
1760709517.3982716,1.457,1.463
1760709517.4041116,1.457,1.463
1760709517.4096067,1.457,1.463
1760709517.4152665,1.457,1.463
1760709517.4211612,1.457,1.463
1760709517.426999,1.457,1.463
1760709517.4327636,1.457,1.463
1760709517.4384203,1.457,1.463
1760709517.444263,1.457,1.463
1760709517.4496958,1.457,1.463
1760709517.4553335,1.457,1.463
1760709517.4611726,1.457,1.463
1760709517.4666002,1.457,1.463
1760709517.4725275,1.457,1.463
1760709517.4779756,1.457,1.463
1760709517.4838128,1.457,1.463
1760709517.4896655,1.457,1.463
1760709517.4950912,1.457,1.463
1760709517.5009556,1.457,1.463
1760709517.506837,1.457,1.463
1760709517.5121675,1.457,1.463
1760709517.5175056,1.457,1.463
1760709517.5233548,1.457,1.463
1760709517.529236,1.457,1.463
1760709517.534676,1.457,1.463
1760709517.5405269,1.457,1.463
1760709517.546078,1.457,1.463
1760709517.551911,1.457,1.463
1760709517.557538,1.457,1.463
1760709517.563437,1.298,1.44
1760709517.569307,1.538,1.45
1760709517.5748014,1.636,1.468
1760709517.580284,1.636,1.468
1760709517.585811,1.636,1.468
1760709517.5912356,1.636,1.468
1760709517.5970793,1.636,1.468
1760709517.6026044,1.636,1.468
1760709517.608062,1.636,1.468
1760709517.6139107,1.636,1.468
1760709517.619432,1.636,1.468
1760709517.6249082,1.636,1.468
1760709517.6303685,1.636,1.468
1760709517.6362011,1.636,1.468
1760709517.6418424,1.636,1.468
1760709517.6475213,1.636,1.468
1760709517.6535957,1.636,1.468
1760709517.659021,1.636,1.468
1760709517.6647842,1.636,1.468
1760709517.670198,1.636,1.468
1760709517.675777,1.636,1.468
1760709517.6815593,1.636,1.468
1760709517.6873963,1.636,1.468
1760709517.69328,1.636,1.468
1760709517.6990085,1.636,1.468
1760709517.704466,1.636,1.468
1760709517.7098906,1.636,1.468
1760709517.7153203,1.636,1.468
1760709517.7211516,1.636,1.468
1760709517.7269855,1.636,1.468
1760709517.7325377,1.636,1.468
1760709517.7384512,1.636,1.468
1760709517.7443123,1.636,1.468
1760709517.7498326,1.636,1.468
1760709517.755259,1.636,1.468
1760709517.7607002,1.636,1.468
1760709517.766137,1.636,1.468
1760709517.7719774,1.636,1.468
1760709517.7775354,1.636,1.468
1760709517.7833717,1.636,1.468
1760709517.7893975,1.636,1.468
1760709517.7948787,1.636,1.468
1760709517.800708,1.636,1.468
1760709517.8061202,1.636,1.468
1760709517.8115728,1.636,1.468
1760709517.8170488,1.636,1.468
1760709517.822471,1.636,1.468
1760709517.828457,1.636,1.468
1760709517.8339577,1.636,1.468
1760709517.8393972,1.636,1.468
1760709517.8448381,1.636,1.468
1760709517.8503559,1.636,1.468
1760709517.8562403,1.636,1.468
1760709517.8616743,1.636,1.468
1760709517.8670933,1.636,1.468
1760709517.872541,1.636,1.468
1760709517.877957,1.636,1.468
1760709517.8837898,1.636,1.468
1760709517.8897262,1.636,1.468
1760709517.8951771,1.636,1.468
1760709517.9010012,1.636,1.468
1760709517.9068298,1.636,1.468
1760709517.912193,1.636,1.468
1760709517.9174817,1.636,1.468
1760709517.9228086,1.636,1.468
1760709517.92814,1.636,1.468
1760709517.9334695,1.636,1.468
1760709517.9387982,1.636,1.468
1760709517.944271,1.636,1.468
1760709517.9497519,1.636,1.468
1760709517.9553616,1.636,1.468
1760709517.9606893,1.636,1.468
1760709517.966039,1.636,1.468
1760709517.9713788,1.636,1.468
1760709517.9767215,1.636,1.468
1760709517.9820175,1.636,1.468
1760709517.9874184,1.636,1.468
1760709517.9928186,1.636,1.468
1760709517.9981487,1.636,1.468
1760709518.0034776,1.636,1.468
1760709518.0088043,1.636,1.468
1760709518.014193,1.636,1.468
1760709518.0195897,1.636,1.468
1760709518.0252233,1.636,1.468
1760709518.0306647,1.636,1.468
1760709518.0361607,1.636,1.468
1760709518.0415757,1.636,1.468
1760709518.0471904,1.636,1.468
1760709518.052806,1.636,1.468
1760709518.058217,1.636,1.468
1760709518.0638344,1.636,1.468
1760709518.0691667,1.636,1.468
1760709518.0747738,1.636,1.468
1760709518.0803852,1.636,1.468
1760709518.0859802,1.636,1.468
1760709518.09156,1.636,1.468
1760709518.09746,1.636,1.468
1760709518.1032965,1.636,1.468
1760709518.1089265,1.636,1.468
1760709518.114787,1.636,1.468
1760709518.1202173,1.636,1.468
1760709518.125957,1.636,1.468
1760709518.1314785,1.636,1.468
1760709518.137345,1.636,1.468
1760709518.143183,1.636,1.468
1760709518.1486187,1.636,1.468
1760709518.1540623,1.636,1.468
1760709518.1595044,1.636,1.468
1760709518.164949,1.636,1.468
1760709518.1703444,1.636,1.468
1760709518.1758223,1.636,1.468
1760709518.1815832,1.636,1.468
1760709518.1870265,1.636,1.468
1760709518.192648,1.636,1.468
1760709518.1981266,1.636,1.468
1760709518.2036493,1.636,1.468
1760709518.2095907,1.636,1.468
1760709518.2154164,1.636,1.468
1760709518.221543,1.636,1.468
1760709518.2273812,1.636,1.468
1760709518.232811,1.636,1.468
1760709518.2386384,1.636,1.468
1760709518.244476,1.636,1.468
1760709518.2498937,1.636,1.468
1760709518.2552447,1.636,1.468
1760709518.2605665,1.636,1.468
1760709518.2659774,1.636,1.468
1760709518.2718036,1.636,1.468
1760709518.277524,1.636,1.468
1760709518.2833567,1.636,1.468
1760709518.2887676,1.636,1.468
1760709518.294257,1.636,1.468
1760709518.299726,1.636,1.468
1760709518.305474,1.636,1.468
1760709518.3108873,1.636,1.468
1760709518.316302,1.636,1.468
1760709518.3219783,1.636,1.468
1760709518.3273923,1.636,1.468
1760709518.332841,1.636,1.468
1760709518.338252,1.636,1.468
1760709518.344085,1.636,1.468
1760709518.3495653,1.636,1.468
1760709518.3549972,1.636,1.468
1760709518.3604615,1.636,1.468
1760709518.365905,1.636,1.468
1760709518.3717384,1.636,1.468
1760709518.377537,1.636,1.468
1760709518.382988,1.636,1.468
1760709518.3883963,1.636,1.468
1760709518.3939805,1.636,1.468
1760709518.3994203,1.636,1.468
1760709518.405304,1.636,1.468
1760709518.4111352,1.636,1.468
1760709518.4165587,1.636,1.468
1760709518.422014,1.636,1.468
1760709518.4274971,1.636,1.468
1760709518.4329693,1.636,1.468
1760709518.438804,1.636,1.468
1760709518.4446495,1.636,1.468
1760709518.450065,1.636,1.468
1760709518.4555187,1.636,1.468
1760709518.4609237,1.636,1.468
1760709518.4663408,1.636,1.468
1760709518.4722328,1.636,1.468
1760709518.4776478,1.636,1.468
1760709518.4834828,1.636,1.468
1760709518.4889061,1.636,1.468
1760709518.4944046,1.636,1.468
1760709518.4998264,1.636,1.468
1760709518.5052755,1.636,1.468
1760709518.51068,1.636,1.468
1760709518.5160885,1.636,1.468
1760709518.5219407,1.636,1.468
1760709518.5274959,1.636,1.468
1760709518.5335069,1.636,1.468
1760709518.5392506,1.636,1.468
1760709518.5450287,1.636,1.468
1760709518.5508802,1.636,1.468
1760709518.5567124,1.636,1.468
1760709518.5621517,1.636,1.468
1760709518.5676548,1.636,1.468
1760709518.5735106,1.636,1.468
1760709518.5793421,1.636,1.468
1760709518.5850787,1.636,1.468
1760709518.590496,1.636,1.468
1760709518.5959377,1.636,1.468
1760709518.6021395,1.636,1.468
1760709518.607563,1.636,1.468
1760709518.6135283,1.636,1.468
1760709518.619361,1.636,1.468
1760709518.624805,1.636,1.468
1760709518.6304173,1.636,1.468
1760709518.636192,1.636,1.468
1760709518.6418433,1.636,1.468
1760709518.6474817,1.636,1.468
1760709518.6534188,1.636,1.468
1760709518.6590548,1.636,1.468
1760709518.664892,1.636,1.468
1760709518.670514,1.636,1.468
1760709518.6763396,1.636,1.468
1760709518.6817555,1.636,1.468
1760709518.6874814,1.636,1.468
1760709518.6933558,1.636,1.468
1760709518.698792,1.636,1.468
1760709518.704476,1.636,1.468
1760709518.7099106,1.636,1.468
1760709518.715358,1.636,1.468
1760709518.7212474,1.636,1.468
1760709518.7270944,1.636,1.468
1760709518.7325652,1.636,1.468
1760709518.7384715,1.636,1.468
1760709518.744308,1.636,1.468
1760709518.7497156,1.636,1.468
1760709518.7553222,1.636,1.468
1760709518.7608078,1.636,1.468
1760709518.76664,1.636,1.468
1760709518.7724721,1.636,1.468
1760709518.777897,1.636,1.468
1760709518.783725,1.636,1.468
1760709518.789178,1.636,1.468
1760709518.794734,1.636,1.468
1760709518.8005629,1.636,1.468
1760709518.805978,1.636,1.468
1760709518.8118515,1.636,1.466
1760709518.8173232,1.317,1.442
1760709518.8227565,1.575,1.456
1760709518.8285856,1.608,1.471
1760709518.8340333,1.395,1.463
1760709518.8395238,1.298,1.447
1760709518.844969,1.5,1.452
1760709518.8508072,1.534,1.46
1760709518.8566658,1.351,1.449
1760709518.8620853,1.361,1.441
1760709518.8675282,1.565,1.453
1760709518.8735592,1.667,1.474
1760709518.8793926,1.368,1.464
1760709518.8848348,1.281,1.445
1760709518.890256,1.534,1.454
1760709518.8956826,1.588,1.468
1760709518.901609,1.318,1.453
1760709518.9074502,1.321,1.44
1760709518.9128585,1.451,1.441
1760709518.9181912,1.596,1.456
1760709518.9235313,1.365,1.447
1760709518.9288628,1.328,1.435
1760709518.934196,1.586,1.45
1760709518.9395266,1.557,1.461
1760709518.944872,1.355,1.45
1760709518.9501984,1.339,1.439
1760709518.9555323,1.501,1.445
1760709518.9608748,1.577,1.459
1760709518.966215,1.353,1.448
1760709518.9715362,1.321,1.435
1760709518.977389,1.498,1.442
1760709518.9827878,1.582,1.456
1760709518.9883971,1.327,1.443
1760709518.993825,1.347,1.433
1760709518.999293,1.551,1.445
1760709519.004732,1.578,1.458
1760709519.0101674,1.455,1.458
1760709519.015494,1.339,1.446
1760709519.0210922,1.517,1.453
1760709519.0265255,1.5,1.458
1760709519.0319588,1.355,1.447
1760709519.0374157,1.354,1.438
1760709519.043035,1.555,1.45
1760709519.0484824,1.563,1.461
1760709519.0539315,1.253,1.44
1760709519.0593514,1.357,1.432
1760709519.0649471,1.488,1.438
1760709519.070274,1.559,1.45
1760709519.0758438,1.353,1.44
1760709519.0813165,1.337,1.43
1760709519.0870888,1.521,1.439
1760709519.0925062,1.567,1.452
1760709519.0978909,1.343,1.441
1760709519.103321,1.31,1.428
1760709519.1087518,1.549,1.44
1760709519.1142194,1.567,1.453
1760709519.119652,1.294,1.437
1760709519.1256082,1.359,1.429
1760709519.1311798,1.559,1.442
1760709519.1371632,1.622,1.46
1760709519.1425729,1.366,1.451
1760709519.1484065,1.22,1.428
1760709519.153912,1.534,1.438
1760709519.1593542,1.572,1.452
1760709519.1648028,1.291,1.436
1760709519.1703122,1.281,1.42
1760709519.1756985,1.568,1.435
1760709519.1811252,1.587,1.45
1760709519.1865368,1.375,1.443
1760709519.1919708,1.354,1.434
1760709519.1975095,1.521,1.443
1760709519.2033458,1.56,1.454
1760709519.208768,1.326,1.441
1760709519.2141635,1.365,1.434
1760709519.2195458,1.546,1.445
1760709519.2253406,1.567,1.457
1760709519.2307916,1.354,1.447
1760709519.2362003,1.365,1.439
1760709519.2416213,1.559,1.451
1760709519.2475119,1.58,1.464
1760709519.252844,1.316,1.449
1760709519.2581766,1.337,1.438
1760709519.2635055,1.546,1.449
1760709519.268836,1.524,1.456
1760709519.2742426,1.318,1.442
1760709519.279661,1.337,1.432
1760709519.2851286,1.549,1.444
1760709519.29056,1.558,1.455
1760709519.2964528,1.303,1.44
1760709519.3020654,1.362,1.432
1760709519.3075151,1.561,1.445
1760709519.31355,1.534,1.454
1760709519.318889,1.337,1.442
1760709519.3243747,1.337,1.432
1760709519.3299654,1.485,1.437
1760709519.3353837,1.586,1.452
1760709519.3407898,1.328,1.439
1760709519.346307,1.332,1.429
1760709519.352149,1.508,1.437
1760709519.3575747,1.551,1.448
1760709519.3634095,1.337,1.437
1760709519.3691266,1.299,1.423
1760709519.3749564,1.596,1.441
1760709519.3807976,1.48,1.445
1760709519.3862162,1.315,1.432
1760709519.3916457,1.346,1.423
1760709519.397503,1.546,1.435
1760709519.4030724,1.582,1.45
1760709519.4085565,1.318,1.437
1760709519.4139738,1.364,1.43
1760709519.419398,1.557,1.442
1760709519.4252732,1.509,1.449
1760709519.4312525,1.472,1.451
1760709519.437106,1.364,1.443
1760709519.4429278,1.444,1.443
1760709519.448791,1.555,1.454
1760709519.454228,1.341,1.443
1760709519.459642,1.349,1.433
1760709519.4650588,1.587,1.449
1760709519.4708877,1.546,1.458
1760709519.4767103,1.313,1.444
1760709519.4821675,1.341,1.434
1760709519.4875963,1.496,1.44
1760709519.4935362,1.566,1.452
1760709519.4989595,1.33,1.44
1760709519.5048192,1.367,1.433
1760709519.5102997,1.564,1.446
1760709519.5157356,1.537,1.455
1760709519.5215979,1.26,1.435
1760709519.5274355,1.376,1.429
1760709519.5333111,1.575,1.444
1760709519.53914,1.575,1.457
1760709519.54453,1.297,1.441
1760709519.549914,1.346,1.432
1760709519.5553408,1.575,1.446
1760709519.5612307,1.557,1.457
1760709519.5666652,1.328,1.444
1760709519.5721147,1.342,1.434
1760709519.5775626,1.534,1.444
1760709519.5829804,1.584,1.458
1760709519.5883968,1.372,1.449
1760709519.5938098,1.237,1.428
1760709519.599209,1.509,1.436
1760709519.6046348,1.56,1.449
1760709519.6100454,1.339,1.438
1760709519.6154199,1.377,1.432
1760709519.6207998,1.575,1.446
1760709519.6261709,1.543,1.456
1760709519.6315622,1.304,1.441
1760709519.6369653,1.333,1.43
1760709519.642306,1.559,1.443
1760709519.6475987,1.526,1.451
1760709519.652816,1.34,1.44
1760709519.6584742,1.338,1.43
1760709519.6638174,1.566,1.443
1760709519.6691446,1.556,1.455
1760709519.6747124,1.315,1.441
1760709519.6807773,1.338,1.43
1760709519.6861527,1.58,1.445
1760709519.6915658,1.536,1.454
1760709519.697139,1.334,1.442
1760709519.7025495,1.307,1.429
1760709519.7079751,1.565,1.442
1760709519.7133346,1.658,1.464
1760709519.7186747,1.225,1.44
1760709519.72408,1.382,1.434
1760709519.7300463,1.609,1.452
1760709519.7356095,1.559,1.463
1760709519.7410078,1.328,1.449
1760709519.7463832,1.359,1.44
1760709519.7519932,1.626,1.459
1760709519.7575839,1.534,1.466
1760709519.7629566,1.338,1.453
1760709519.7684233,1.358,1.444
1760709519.7739866,1.599,1.459
1760709519.7798119,1.556,1.469
1760709519.7852883,1.308,1.453
1760709519.791114,1.371,1.445
1760709519.7969513,1.552,1.455
1760709519.8028955,1.559,1.466
1760709519.8083012,1.372,1.456
1760709519.8136246,1.33,1.444
1760709519.818961,1.601,1.46
1760709519.8247125,1.627,1.476
1760709519.830155,1.314,1.46
1760709519.8356643,1.379,1.452
1760709519.8410895,1.609,1.468
1760709519.847008,1.511,1.472
1760709519.8524625,1.285,1.453
1760709519.8578904,1.351,1.443
1760709519.863296,1.584,1.457
1760709519.868687,1.565,1.468
1760709519.8741245,1.276,1.449
1760709519.8799565,1.321,1.436
1760709519.885419,1.555,1.448
1760709519.8912523,1.592,1.462
1760709519.897091,1.329,1.449
1760709519.9029324,1.365,1.441
1760709519.9088724,1.56,1.453
1760709519.914213,1.473,1.455
1760709519.9195406,1.314,1.441
1760709519.9248686,1.38,1.435
1760709519.9302,1.617,1.453
1760709519.9355195,1.516,1.459
1760709519.9408472,1.229,1.436
1760709519.9461777,1.378,1.43
1760709519.951512,1.617,1.449
1760709519.9568803,1.48,1.452
1760709519.962228,1.276,1.435
1760709519.9676178,1.343,1.425
1760709519.973,1.508,1.434
1760709519.9787564,1.575,1.448
1760709519.984567,1.375,1.44
1760709519.9899712,1.284,1.425
1760709519.995358,1.613,1.444
1760709520.000688,1.514,1.451
1760709520.0060842,1.229,1.428
1760709520.0114074,1.375,1.423
1760709520.016804,1.642,1.445
1760709520.0222566,1.556,1.456
1760709520.0275755,1.316,1.442
1760709520.0328865,1.39,1.437
1760709520.0380766,1.572,1.45
1760709520.0432703,1.539,1.459
1760709520.048551,1.304,1.444
1760709520.0539598,1.356,1.435
1760709520.0594034,1.585,1.45
1760709520.0655308,1.527,1.458
1760709520.0708609,1.326,1.444
1760709520.0764604,1.347,1.435
1760709520.0819473,1.508,1.442
1760709520.0874164,1.526,1.45
1760709520.0928276,1.281,1.434
1760709520.0982149,1.365,1.427
1760709520.1039803,1.592,1.443
1760709520.109776,1.54,1.453
1760709520.1151583,1.333,1.441
1760709520.120902,1.452,1.442
1760709520.126322,1.617,1.46
1760709520.1317463,1.534,1.467
1760709520.137568,1.275,1.448
1760709520.1430085,1.367,1.44
1760709520.1488671,1.61,1.457
1760709520.1542537,1.556,1.467
1760709520.1600025,1.237,1.444
1760709520.1655102,1.457,1.445
1760709520.1712651,1.586,1.459
1760709520.1770916,1.535,1.467
1760709520.1827493,1.306,1.451
1760709520.1885002,1.416,1.447
1760709520.1937993,1.604,1.463
1760709520.1991274,1.559,1.472
1760709520.2045195,1.284,1.454
1760709520.2098458,1.351,1.443
1760709520.2154713,1.614,1.46
1760709520.2213752,1.527,1.467
1760709520.2267945,1.324,1.453
1760709520.2321827,1.38,1.446
1760709520.237527,1.613,1.462
1760709520.2432778,1.535,1.47
1760709520.2486763,1.268,1.449
1760709520.254011,1.372,1.442
1760709520.259345,1.65,1.462
1760709520.264672,1.472,1.463
1760709520.2700233,1.289,1.446
1760709520.2758029,1.384,1.44
1760709520.2818196,1.534,1.449
1760709520.2874286,1.565,1.461
1760709520.2933102,1.354,1.45
1760709520.2986686,1.371,1.442
1760709520.3040094,1.599,1.458
1760709520.3094146,1.487,1.461
1760709520.314753,1.276,1.442
1760709520.320226,1.377,1.436
1760709520.3260221,1.611,1.453
1760709520.3314233,1.525,1.46
1760709520.3377435,1.253,1.44
1760709520.3431776,1.38,1.434
1760709520.3489385,1.61,1.451
1760709520.3543446,1.496,1.456
1760709520.3597977,1.288,1.439
1760709520.3655336,1.376,1.433
1760709520.3712912,1.596,1.449
1760709520.3776298,1.499,1.454
1760709520.3834624,1.289,1.437
1760709520.38935,1.372,1.431
1760709520.3947659,1.598,1.448
1760709520.4001462,1.509,1.454
1760709520.4055524,1.276,1.436
1760709520.4109616,1.366,1.429
1760709520.4163432,1.619,1.448
1760709520.421989,1.51,1.454
1760709520.4274044,1.271,1.436
1760709520.4327796,1.376,1.43
1760709520.4382207,1.61,1.448
1760709520.443791,1.514,1.455
1760709520.4492204,1.292,1.438
1760709520.4551191,1.353,1.43
1760709520.4608784,1.607,1.447
1760709520.4662614,1.543,1.457
1760709520.472058,1.303,1.442
1760709520.4774923,1.38,1.435
1760709520.4833193,1.601,1.452
1760709520.4893088,1.443,1.451
1760709520.494743,1.284,1.434
1760709520.5005732,1.37,1.428
1760709520.5064473,1.642,1.449
1760709520.5119274,1.584,1.463
1760709520.5173624,1.383,1.455
1760709520.522784,1.38,1.447
1760709520.5286112,1.454,1.448
1760709520.5340178,1.353,1.439
1760709520.5397139,1.353,1.43
1760709520.5452902,1.423,1.429
1760709520.5511541,1.635,1.45
1760709520.5569863,1.455,1.45
1760709520.562389,1.316,1.437
1760709520.5677187,1.394,1.433
1760709520.5730958,1.593,1.449
1760709520.5790145,1.58,1.462
1760709520.5848587,1.303,1.446
1760709520.5902827,1.41,1.442
1760709520.596234,1.648,1.463
1760709520.6019647,1.524,1.469
1760709520.6074219,1.316,1.454
1760709520.6133878,1.419,1.45
1760709520.6187756,1.613,1.467
1760709520.6246562,1.483,1.468
1760709520.6300602,1.289,1.45
1760709520.6354969,1.405,1.446
1760709520.640879,1.611,1.462
1760709520.646705,1.487,1.465
1760709520.6521373,1.268,1.445
1760709520.6575875,1.355,1.436
1760709520.6634195,1.592,1.452
1760709520.6694002,1.472,1.454
1760709520.6748383,1.254,1.434
1760709520.680801,1.328,1.423
1760709520.686414,1.646,1.445
1760709520.6918538,1.507,1.451
1760709520.6975658,1.281,1.434
1760709520.7034032,1.375,1.429
1760709520.7088883,1.564,1.442
1760709520.714282,1.48,1.446
1760709520.7196903,1.203,1.422
1760709520.7255304,1.372,1.417
1760709520.7314608,1.586,1.434
1760709520.737337,1.484,1.439
1760709520.74298,1.262,1.421
1760709520.74844,1.405,1.419
1760709520.753964,1.61,1.439
1760709520.7594085,1.505,1.445
1760709520.7656386,1.266,1.427
1760709520.7710814,1.38,1.422
1760709520.776711,1.588,1.439
1760709520.7821248,1.483,1.443
1760709520.7875574,1.202,1.419
1760709520.7934234,1.405,1.418
1760709520.7989628,1.617,1.438
1760709520.8045843,1.431,1.437
1760709520.810021,1.276,1.421
1760709520.8154857,1.405,1.42
1760709520.8214793,1.598,1.437
1760709520.8273318,1.482,1.442
1760709520.8333433,1.284,1.426
1760709520.8391752,1.389,1.422
1760709520.8450193,1.607,1.441
1760709520.8508499,1.472,1.444
1760709520.8566775,1.276,1.427
1760709520.8621402,1.404,1.425
1760709520.8680677,1.584,1.441
1760709520.8735158,1.466,1.443
1760709520.8793418,1.234,1.422
1760709520.884801,1.403,1.42
1760709520.8902879,1.627,1.441
1760709520.8957143,1.484,1.445
1760709520.9015489,1.264,1.427
1760709520.907461,1.407,1.425
1760709520.9127965,1.617,1.444
1760709520.9181278,1.481,1.448
1760709520.9235156,1.254,1.429
1760709520.9288468,1.409,1.427
1760709520.9341774,1.618,1.446
1760709520.939543,1.483,1.45
1760709520.9448736,1.263,1.431
1760709520.9502008,1.391,1.427
1760709520.955532,1.616,1.446
1760709520.9608636,1.438,1.445
1760709520.966167,1.28,1.429
1760709520.9715638,1.421,1.428
1760709520.9774287,1.615,1.446
1760709520.9832528,1.483,1.45
1760709520.989114,1.268,1.432
1760709520.994629,1.411,1.43
1760709521.0004776,1.592,1.446
1760709521.0057814,1.478,1.449
1760709521.0110962,1.276,1.432
1760709521.0165067,1.422,1.431
1760709521.021909,1.625,1.45
1760709521.0274043,1.482,1.453
1760709521.0327885,1.272,1.435
1760709521.03823,1.421,1.434
1760709521.0439878,1.634,1.454
1760709521.0494225,1.44,1.452
1760709521.0551703,1.276,1.435
1760709521.0608351,1.426,1.434
1760709521.0662174,1.602,1.451
1760709521.0719676,1.469,1.453
1760709521.0774014,1.271,1.434
1760709521.0827806,1.442,1.435
1760709521.0888944,1.638,1.455
1760709521.094413,1.498,1.46
1760709521.1001787,1.253,1.439
1760709521.105542,1.42,1.437
1760709521.1114852,1.629,1.456
1760709521.116884,1.483,1.459
1760709521.1223326,1.269,1.44
1760709521.1280897,1.418,1.438
1760709521.1334875,1.608,1.455
1760709521.1391654,1.447,1.454
1760709521.1445632,1.285,1.437
1760709521.149989,1.418,1.435
1760709521.1556108,1.623,1.454
1760709521.1610346,1.457,1.454
1760709521.166869,1.282,1.437
1760709521.1727202,1.448,1.438
1760709521.1781728,1.638,1.458
1760709521.1840026,1.512,1.463
1760709521.1896348,1.218,1.439
1760709521.1950855,1.442,1.439
1760709521.2005248,1.638,1.459
1760709521.2059429,1.501,1.463
1760709521.2113616,1.306,1.448
1760709521.2168498,1.397,1.442
1760709521.2227836,1.628,1.461
1760709521.2286174,1.465,1.461
1760709521.2340608,1.289,1.444
1760709521.2394795,1.427,1.442
1760709521.2448254,1.629,1.461
1760709521.2501638,1.485,1.464
1760709521.2554936,1.339,1.451
1760709521.2608242,1.351,1.441
1760709521.2662044,1.613,1.458
1760709521.2715402,1.462,1.459
1760709521.276872,1.264,1.439
1760709521.2822034,1.413,1.437
1760709521.2880163,1.637,1.457
1760709521.2938545,1.483,1.459
1760709521.2996838,1.237,1.437
1760709521.3055596,1.423,1.436
1760709521.3112457,1.689,1.461
1760709521.3166702,1.479,1.463
1760709521.3220904,1.284,1.445
1760709521.327923,1.438,1.444
1760709521.3333926,1.596,1.459
1760709521.3392272,1.477,1.461
1760709521.3446538,1.294,1.444
1760709521.3500824,1.405,1.441
1760709521.3555152,1.616,1.458
1760709521.3612666,1.48,1.46
1760709521.367167,1.29,1.443
1760709521.3730264,1.435,1.442
1760709521.3789194,1.63,1.461
1760709521.384574,1.466,1.462
1760709521.3905573,1.269,1.442
1760709521.3959923,1.423,1.441
1760709521.4014513,1.612,1.458
1760709521.407319,1.473,1.459
1760709521.4128587,1.237,1.437
1760709521.4183416,1.436,1.437
1760709521.4241672,1.624,1.456
1760709521.4299328,1.459,1.456
1760709521.435517,1.276,1.438
1760709521.4414053,1.429,1.437
1760709521.4472337,1.612,1.454
1760709521.4530632,1.469,1.456
1760709521.4584835,1.276,1.438
1760709521.4643192,1.43,1.437
1760709521.4697864,1.624,1.456
1760709521.475219,1.473,1.458
1760709521.4811149,1.294,1.441
1760709521.48662,1.432,1.44
1760709521.492048,1.63,1.459
1760709521.4978898,1.472,1.461
1760709521.503752,1.285,1.443
1760709521.5091677,1.423,1.441
1760709521.5150006,1.625,1.459
1760709521.5205996,1.465,1.46
1760709521.5259988,1.289,1.443
1760709521.5314293,1.437,1.442
1760709521.5372994,1.614,1.46
1760709521.5431297,1.472,1.461
1760709521.5489628,1.268,1.441
1760709521.5544162,1.419,1.439
1760709521.5602686,1.613,1.457
1760709521.5656922,1.401,1.451
1760709521.5715241,1.256,1.432
1760709521.5774028,1.453,1.434
1760709521.5828526,1.624,1.453
1760709521.588682,1.418,1.449
1760709521.5941103,1.256,1.43
1760709521.5999184,1.433,1.43
1760709521.6055872,1.627,1.45
1760709521.6110005,1.457,1.451
1760709521.6168427,1.289,1.435
1760709521.6222656,1.431,1.434
1760709521.6281316,1.646,1.455
1760709521.6337912,1.454,1.455
1760709521.6392367,1.285,1.438
1760709521.644739,1.442,1.439
1760709521.650185,1.625,1.457
1760709521.6557035,1.464,1.458
1760709521.6615458,1.302,1.442
1760709521.6669588,1.455,1.444
1760709521.6728535,1.643,1.464
1760709521.6782823,1.459,1.463
1760709521.6841114,1.295,1.446
1760709521.6897213,1.48,1.45
1760709521.695177,1.638,1.468
1760709521.7010071,1.445,1.466
1760709521.7068405,1.264,1.446
1760709521.712669,1.437,1.445
1760709521.7185023,1.621,1.463
1760709521.7239714,1.459,1.462
1760709521.7298398,1.219,1.438
1760709521.7356446,1.439,1.438
1760709521.7415798,1.617,1.456
1760709521.747406,1.451,1.456
1760709521.7534359,1.291,1.439
1760709521.7592342,1.435,1.439
1760709521.7650876,1.629,1.458
1760709521.7704196,1.463,1.458
1760709521.7762482,1.292,1.442
1760709521.7816372,1.454,1.443
1760709521.7874887,1.623,1.461
1760709521.7935095,1.454,1.46
1760709521.7994554,1.264,1.441
1760709521.805468,1.431,1.44
1760709521.8109553,1.632,1.459
1760709521.8163865,1.442,1.457
1760709521.821833,1.269,1.438
1760709521.827665,1.446,1.439
1760709521.8335254,1.625,1.458
1760709521.8393953,1.475,1.459
1760709521.8448346,1.276,1.441
1760709521.8506677,1.443,1.441
1760709521.8562121,1.629,1.46
1760709521.861641,1.442,1.458
1760709521.8670762,1.282,1.441
1760709521.8729124,1.447,1.441
1760709521.8783658,1.623,1.459
1760709521.8842063,1.457,1.459
1760709521.889667,1.269,1.44
1760709521.8951387,1.457,1.442
1760709521.9009619,1.624,1.46
1760709521.906795,1.452,1.459
1760709521.9122078,1.285,1.442
1760709521.9175644,1.448,1.443
1760709521.922896,1.625,1.461
1760709521.928226,1.457,1.46
1760709521.933927,1.29,1.443
1760709521.939261,1.445,1.443
1760709521.9445922,1.622,1.461
1760709521.9499202,1.435,1.459
1760709521.9552517,1.292,1.442
1760709521.9605868,1.457,1.444
1760709521.9659076,1.626,1.462
1760709521.9712317,1.446,1.46
1760709521.9764626,1.295,1.444
1760709521.9820952,1.459,1.445
1760709521.9875162,1.631,1.464
1760709521.993131,1.455,1.463
1760709521.9985461,1.298,1.446
1760709522.0038755,1.457,1.448
1760709522.009337,1.619,1.465
1760709522.0146863,1.45,1.463
1760709522.0200322,1.298,1.447
1760709522.025672,1.461,1.448
1760709522.0310855,1.612,1.464
1760709522.0364897,1.444,1.462
1760709522.0419629,1.286,1.445
1760709522.0491538,1.456,1.446
1760709522.0549505,1.608,1.462
1760709522.0605595,1.442,1.46
1760709522.0660546,1.289,1.443
1760709522.071668,1.457,1.444
1760709522.0773144,1.613,1.461
1760709522.083146,1.434,1.459
1760709522.0889761,1.285,1.441
1760709522.0946305,1.445,1.442
1760709522.1002262,1.595,1.457
1760709522.105636,1.488,1.46
1760709522.1112664,1.289,1.443
1760709522.116735,1.462,1.445
1760709522.1221719,1.609,1.461
1760709522.1280315,1.393,1.454
1760709522.1338878,1.253,1.434
1760709522.1393623,1.457,1.437
1760709522.144986,1.639,1.457
1760709522.1508164,1.457,1.457
1760709522.1566484,1.261,1.437
1760709522.162482,1.462,1.44
1760709522.1679842,1.617,1.457
1760709522.1735349,1.457,1.457
1760709522.1791542,1.289,1.441
1760709522.1847358,1.461,1.443
1760709522.1902134,1.621,1.46
1760709522.1956944,1.424,1.457
1760709522.2011068,1.276,1.439
1760709522.2069476,1.437,1.438
1760709522.2123635,1.613,1.456
1760709522.2177727,1.449,1.455
1760709522.2231858,1.308,1.441
1760709522.2288923,1.475,1.444
1760709522.2342284,1.606,1.46
1760709522.2401652,1.442,1.458
1760709522.245579,1.282,1.441
1760709522.2514098,1.483,1.445
1760709522.257281,1.616,1.462
1760709522.2627068,1.45,1.461
1760709522.268022,1.279,1.443
1760709522.2738419,1.469,1.445
1760709522.2792933,1.622,1.463
1760709522.285128,1.435,1.46
1760709522.29054,1.295,1.444
1760709522.2963784,1.459,1.445
1760709522.301815,1.614,1.462
1760709522.3076515,1.434,1.459
1760709522.313533,1.291,1.442
1760709522.3189573,1.466,1.445
1760709522.3247573,1.611,1.461
1760709522.3302326,1.436,1.459
1760709522.3357077,1.293,1.442
1760709522.341128,1.464,1.445
1760709522.3469589,1.617,1.462
1760709522.3527892,1.442,1.46
1760709522.3582125,1.319,1.446
1760709522.3640687,1.469,1.448
1760709522.369523,1.613,1.465
1760709522.3751862,1.45,1.463
1760709522.3809948,1.314,1.448
1760709522.3864102,1.483,1.452
1760709522.3918452,1.604,1.467
1760709522.3977032,1.419,1.462
1760709522.4035327,1.307,1.447
1760709522.4089582,1.479,1.45
1760709522.414402,1.611,1.466
1760709522.420231,1.427,1.462
1760709522.4259791,1.302,1.446
1760709522.4314513,1.466,1.448
1760709522.4373271,1.612,1.464
1760709522.4431732,1.448,1.463
1760709522.4490163,1.302,1.447
1760709522.4548674,1.483,1.45
1760709522.460732,1.615,1.467
1760709522.4661493,1.433,1.463
1760709522.471984,1.285,1.446
1760709522.477849,1.488,1.45
1760709522.483262,1.604,1.465
1760709522.4891021,1.431,1.462
1760709522.4946089,1.301,1.446
1760709522.500044,1.488,1.45
1760709522.5055227,1.613,1.466
1760709522.5113654,1.421,1.462
1760709522.5167809,1.302,1.446
1760709522.5222132,1.479,1.449
1760709522.528056,1.612,1.465
1760709522.5335095,1.429,1.462
1760709522.5393548,1.306,1.446
1760709522.5447915,1.474,1.449
1760709522.550208,1.612,1.465
1760709522.5556288,1.442,1.463
1760709522.5612583,1.289,1.446
1760709522.5667422,1.458,1.447
1760709522.5725787,1.617,1.464
1760709522.5779746,1.433,1.461
1760709522.5838094,1.303,1.445
1760709522.5894578,1.475,1.448
1760709522.5948982,1.574,1.461
1760709522.6003928,1.429,1.457
1760709522.6058314,1.264,1.438
1760709522.6116567,1.467,1.441
1760709522.6170816,1.629,1.46
1760709522.622516,1.431,1.457
1760709522.6283545,1.301,1.441
1760709522.633977,1.464,1.444
1760709522.6398106,1.637,1.463
1760709522.6452677,1.41,1.458
1760709522.6506088,1.293,1.441
1760709522.6559627,1.42,1.439
1760709522.6612878,1.613,1.456
1760709522.6666174,1.43,1.454
1760709522.6719482,1.335,1.442
1760709522.6772907,1.499,1.448
1760709522.6826475,1.61,1.464
1760709522.6879861,1.422,1.46
1760709522.6934757,1.3,1.444
1760709522.6988032,1.465,1.446
1760709522.704213,1.598,1.461
1760709522.7096303,1.405,1.455
1760709522.7150433,1.293,1.439
1760709522.720371,1.479,1.443
1760709522.7259042,1.614,1.46
1760709522.7314339,1.414,1.456
1760709522.7368605,1.305,1.441
1760709522.7422276,1.488,1.445
1760709522.7476485,1.599,1.461
1760709522.753076,1.423,1.457
1760709522.7585196,1.285,1.44
1760709522.7643518,1.48,1.444
1760709522.769772,1.603,1.46
1760709522.7756038,1.416,1.455
1760709522.7814655,1.315,1.441
1760709522.7868857,1.495,1.447
1760709522.792829,1.599,1.462
1760709522.8042684,1.593,1.452
1760709522.8099844,1.535,1.46
1760709522.8154013,1.298,1.444
1760709522.8213093,1.374,1.437
1760709522.8267398,1.525,1.446
1760709522.8322816,1.542,1.455
1760709522.8377604,1.328,1.443
1760709522.8435862,1.377,1.436
1760709522.849069,1.548,1.447
1760709522.8544936,1.519,1.454
1760709522.8603227,1.297,1.439
1760709522.8657722,1.355,1.43
1760709522.8716066,1.592,1.446
1760709522.8773646,1.536,1.455
1760709522.8832004,1.297,1.44
1760709522.8890388,1.341,1.43
1760709522.894485,1.586,1.445
1760709522.900327,1.481,1.449
1760709522.9057481,1.145,1.419
1760709522.9111605,1.21,1.398
1760709522.9164915,1.472,1.405
1760709522.9220388,1.517,1.416
1760709522.9273667,1.302,1.405
1760709522.9326932,1.355,1.4
1760709522.938022,1.604,1.42
1760709522.9433484,1.493,1.428
1760709522.948701,1.289,1.414
1760709522.9540253,1.285,1.401
1760709522.9593537,1.632,1.424
1760709522.9646935,1.556,1.437
1760709522.970031,1.328,1.426
1760709522.9753268,1.316,1.415
1760709522.9806552,1.598,1.434
1760709522.9859765,1.488,1.439
1760709522.991838,1.28,1.423
1760709522.997168,1.354,1.416
1760709523.0026248,1.606,1.435
1760709523.007979,1.56,1.448
1760709523.0134423,1.306,1.434
1760709523.018768,1.303,1.42
1760709523.0241544,1.575,1.436
1760709523.0295985,1.547,1.447
1760709523.0350628,1.302,1.433
1760709523.0404792,1.335,1.423
1760709523.0459123,1.59,1.44
1760709523.05152,1.514,1.447
1760709523.0572212,1.355,1.438
1760709523.062689,1.437,1.438
1760709523.068107,1.62,1.456
1760709523.0736046,1.535,1.464
1760709523.079248,1.313,1.449
1760709523.0846953,1.376,1.441
1760709523.0901082,1.599,1.457
1760709523.095525,1.561,1.468
1760709523.101137,1.302,1.451
1760709523.1065428,1.395,1.445
1760709523.1120186,1.596,1.46
1760709523.1173725,1.6,1.474
1760709523.1227794,1.292,1.456
1760709523.1281042,1.377,1.448
1760709523.1340528,1.506,1.454
1760709523.1395056,1.54,1.463
1760709523.1453378,1.306,1.447
1760709523.150849,1.393,1.442
1760709523.156747,1.606,1.458
1760709523.1621594,1.439,1.456
1760709523.167639,1.341,1.445
1760709523.173056,1.391,1.439
1760709523.1785402,1.648,1.46
1760709523.1842885,1.537,1.468
1760709523.1897235,1.293,1.45
1760709523.1951907,1.391,1.444
1760709523.2010229,1.588,1.459
1760709523.206864,1.52,1.465
1760709523.2123234,1.293,1.448
1760709523.2177496,1.351,1.438
1760709523.2234223,1.596,1.454
1760709523.2294576,1.521,1.461
1760709523.2349024,1.203,1.435
1760709523.240319,1.406,1.432
1760709523.2459862,1.617,1.45
1760709523.251812,1.564,1.462
1760709523.257498,1.307,1.446
1760709523.2629104,1.392,1.441
1760709523.2682576,1.604,1.457
1760709523.2738965,1.53,1.465
1760709523.2797227,1.237,1.442
1760709523.2851214,1.434,1.441
1760709523.2905374,1.65,1.462
1760709523.295931,1.534,1.469
1760709523.301781,1.279,1.45
1760709523.3073268,1.377,1.443
1760709523.312912,1.6,1.458
1760709523.3183355,1.521,1.465
1760709523.3237896,1.278,1.446
1760709523.3297052,1.407,1.442
1760709523.3355238,1.604,1.458
1760709523.3413968,1.534,1.466
1760709523.3472605,1.301,1.449
1760709523.3528945,1.385,1.443
1760709523.3587928,1.617,1.46
1760709523.3646226,1.572,1.472
1760709523.3705995,1.323,1.457
1760709523.376431,1.382,1.449
1760709523.381853,1.59,1.463
1760709523.387338,1.578,1.475
1760709523.3932502,1.287,1.456
1760709523.3990147,1.381,1.449
1760709523.4044337,1.636,1.467
1760709523.4099567,1.563,1.477
1760709523.415415,1.293,1.458
1760709523.4212866,1.38,1.451
1760709523.427127,1.606,1.466
1760709523.432545,1.517,1.471
1760709523.4383805,1.3,1.454
1760709523.4442167,1.372,1.446
1760709523.449663,1.622,1.464
1760709523.4553905,1.555,1.473
1760709523.4608386,1.297,1.455
1760709523.4666731,1.372,1.447
1760709523.4720638,1.608,1.463
1760709523.4775126,1.522,1.469
1760709523.4833388,1.284,1.45
1760709523.489172,1.378,1.443
1760709523.4950142,1.619,1.461
1760709523.5004582,1.508,1.465
1760709523.5058844,1.237,1.443
1760709523.511321,1.385,1.437
1760709523.5171292,1.616,1.455
1760709523.5226786,1.483,1.458
1760709523.528535,1.274,1.439
1760709523.5339744,1.403,1.436
1760709523.539414,1.612,1.453
1760709523.5448575,1.506,1.458
1760709523.5502667,1.276,1.44
1760709523.55593,1.343,1.431
1760709523.5615232,1.574,1.445
1760709523.5669477,1.505,1.451
1760709523.5722814,1.237,1.429
1760709523.57767,1.276,1.414
1760709523.5830052,1.658,1.439
1760709523.5883834,1.555,1.45
1760709523.5937157,1.279,1.433
1760709523.5990438,1.355,1.425
1760709523.6043737,1.632,1.446
1760709523.6097007,1.367,1.438
1760709523.6150627,1.284,1.423
1760709523.6203947,1.323,1.413
1760709523.6257486,1.586,1.43
1760709523.6310892,1.483,1.435
1760709523.636418,1.294,1.421
1760709523.641747,1.432,1.422
1760709523.6470623,1.622,1.442
1760709523.6524074,1.532,1.451
1760709523.6579068,1.315,1.438
1760709523.6632376,1.394,1.433
1760709523.6686385,1.586,1.449
1760709523.674038,1.546,1.458
1760709523.6798666,1.298,1.442
1760709523.6853313,1.423,1.44
1760709523.6911623,1.608,1.457
1760709523.6970031,1.57,1.468
1760709523.7024627,1.297,1.451
1760709523.707941,1.351,1.441
1760709523.7137866,1.585,1.456
1760709523.719263,1.503,1.46
1760709523.724799,1.327,1.447
1760709523.7302446,1.424,1.445
1760709523.7356975,1.642,1.464
1760709523.741536,1.462,1.464
1760709523.747307,1.237,1.442
1760709523.7532513,1.332,1.431
1760709523.7588477,1.616,1.449
1760709523.764679,1.534,1.458
1760709523.7701173,1.298,1.442
1760709523.7758665,1.369,1.434
1760709523.7813652,1.616,1.452
1760709523.7873218,1.483,1.456
1760709523.7932286,1.282,1.438
1760709523.798701,1.375,1.432
1760709523.804543,1.648,1.453
1760709523.8099597,1.495,1.458
1760709523.8157601,1.234,1.435
1760709523.821221,1.441,1.436
1760709523.8266656,1.638,1.456
1760709523.8320906,1.446,1.455
1760709523.8375354,1.148,1.424
1760709523.8433912,1.32,1.414
1760709523.8488305,1.588,1.431
1760709523.8542585,1.501,1.438
1760709523.860091,1.282,1.423
1760709523.8655596,1.412,1.422
1760709523.8713884,1.63,1.442
1760709523.8772635,1.509,1.449
1760709523.8827932,1.118,1.416
1760709523.8886313,1.138,1.388
1760709523.894062,1.372,1.387
1760709523.8998995,1.381,1.386
1760709523.9057446,1.113,1.359
1760709523.9111207,1.447,1.368
1760709523.916418,1.689,1.4
1760709523.9218516,1.507,1.41
1760709523.9271772,1.28,1.397
1760709523.9325373,1.432,1.401
1760709523.9378338,1.68,1.429
1760709523.9431684,1.564,1.442
1760709523.948534,1.326,1.431
1760709523.9538388,1.362,1.424
1760709523.9591644,1.613,1.443
1760709523.9644983,1.496,1.448
1760709523.9698436,1.307,1.434
1760709523.975181,1.431,1.434
1760709523.9805064,1.662,1.457
1760709523.985831,1.532,1.464
1760709523.9911535,1.316,1.449
1760709523.996482,1.328,1.437
1760709524.0018394,1.662,1.46
1760709524.00717,1.469,1.461
1760709524.0124981,1.182,1.433
1760709524.017918,1.353,1.425
1760709524.023363,1.615,1.444
1760709524.0286937,1.457,1.445
1760709524.0340242,1.303,1.431
1760709524.0396886,1.463,1.434
1760709524.045155,1.674,1.458
1760709524.0508225,1.411,1.453
1760709524.0564268,1.278,1.436
1760709524.0618324,1.476,1.44
1760709524.0672407,1.657,1.462
1760709524.0727072,1.518,1.467
1760709524.0781372,1.316,1.452
1760709524.0839672,1.38,1.445
1760709524.0894585,1.6,1.46
1760709524.0949044,1.499,1.464
1760709524.1003332,1.279,1.446
1760709524.1058035,1.432,1.444
1760709524.1112454,1.613,1.461
1760709524.116691,1.509,1.466
1760709524.1221285,1.295,1.449
1760709524.1275487,1.428,1.447
1760709524.1330237,1.658,1.468
1760709524.1388512,1.519,1.473
1760709524.1442876,1.302,1.456
1760709524.1497216,1.413,1.452
1760709524.1551082,1.577,1.464
1760709524.160523,1.531,1.471
1760709524.1659555,1.292,1.453
1760709524.1718085,1.403,1.448
1760709524.1773486,1.561,1.459
1760709524.1831477,1.467,1.46
1760709524.1888168,1.291,1.443
1760709524.1942742,1.416,1.44
1760709524.1997101,1.643,1.461
1760709524.2054229,1.524,1.467
1760709524.2108307,1.288,1.449
1760709524.2162602,1.38,1.442
1760709524.2219672,1.608,1.459
1760709524.2274249,1.485,1.461
1760709524.2330003,1.26,1.441
1760709524.2388282,1.426,1.44
1760709524.2447321,1.633,1.459
1760709524.2505877,1.537,1.467
1760709524.2564592,1.289,1.449
1760709524.2618837,1.404,1.444
1760709524.2672322,1.566,1.457
1760709524.2725637,1.517,1.463
1760709524.2779453,1.3,1.446
1760709524.2837722,1.436,1.445
1760709524.2896311,1.64,1.465
1760709524.295049,1.48,1.466
1760709524.3008814,1.264,1.446
1760709524.3067372,1.468,1.448
1760709524.312143,1.646,1.468
1760709524.3175714,1.519,1.473
1760709524.3229887,1.262,1.452
1760709524.3288207,1.357,1.443
1760709524.334244,1.633,1.462
1760709524.3399084,1.413,1.457
1760709524.34538,1.254,1.436
1760709524.3512332,1.397,1.432
1760709524.3570743,1.617,1.451
1760709524.3624802,1.485,1.454
1760709524.3678956,1.258,1.435
1760709524.3733437,1.418,1.433
1760709524.3791788,1.65,1.455
1760709524.3846045,1.513,1.46
1760709524.3900845,1.277,1.442
1760709524.3954964,1.424,1.44
1760709524.4009168,1.615,1.458
1760709524.4063268,1.497,1.462
1760709524.4118001,1.262,1.442
1760709524.4172695,1.355,1.433
1760709524.4226897,1.663,1.456
1760709524.4285216,1.413,1.452
1760709524.4339793,1.262,1.433
1760709524.439518,1.437,1.433
1760709524.4449658,1.692,1.459
1760709524.4504366,1.457,1.459
1760709524.456266,1.265,1.44
1760709524.4616904,1.401,1.436
1760709524.4672801,1.642,1.456
1760709524.4732227,1.492,1.46
1760709524.4790738,1.274,1.441
1760709524.4845524,1.33,1.43
1760709524.4900277,1.648,1.452
1760709524.4955146,1.501,1.457
1760709524.5013757,1.293,1.44
1760709524.5072792,1.422,1.439
1760709524.5127141,1.617,1.457
1760709524.518143,1.435,1.454
1760709524.5236363,1.281,1.437
1760709524.5295231,1.381,1.431
1760709524.5354562,1.611,1.449
1760709524.540895,1.458,1.45
1760709524.546407,1.315,1.437
1760709524.5522478,1.425,1.436
1760709524.5576777,1.59,1.451
1760709524.5635078,1.483,1.454
1760709524.569392,1.287,1.437
1760709524.5752242,1.396,1.433
1760709524.5811477,1.606,1.451
1760709524.5866535,1.411,1.447
1760709524.5920794,1.293,1.431
1760709524.5975206,1.427,1.431
1760709524.60335,1.633,1.451
1760709524.6088,1.472,1.453
1760709524.614294,1.272,1.435
1760709524.620134,1.342,1.426
1760709524.625593,1.646,1.448
1760709524.6311252,1.465,1.449
1760709524.6365557,1.305,1.435
1760709524.641969,1.394,1.431
1760709524.647403,1.595,1.447
1760709524.6532793,1.394,1.442
1760709524.6587994,1.234,1.421
1760709524.6646316,1.409,1.42
1760709524.6700325,1.637,1.442
1760709524.6754475,1.482,1.446
1760709524.681535,1.275,1.429
1760709524.6872654,1.423,1.428
1760709524.6931598,1.617,1.447
1760709524.699051,1.472,1.449
1760709524.7044897,1.276,1.432
1760709524.710442,1.428,1.432
1760709524.7159793,1.613,1.45
1760709524.7218244,1.472,1.452
1760709524.727294,1.265,1.433
1760709524.7327409,1.314,1.421
1760709524.738205,1.556,1.435
1760709524.7440972,1.484,1.44
1760709524.7495377,1.237,1.42
1760709524.7554185,1.474,1.425
1760709524.7608566,1.62,1.444
1760709524.7666945,1.458,1.446
1760709524.7722602,1.302,1.431
1760709524.77772,1.422,1.43
1760709524.783573,1.596,1.447
1760709524.7895665,1.458,1.448
1760709524.7949948,1.267,1.43
1760709524.800431,1.404,1.427
1760709524.8063548,1.642,1.449
1760709524.8117554,1.417,1.446
1760709524.817174,1.264,1.427
1760709524.8226278,1.403,1.425
1760709524.8284574,1.612,1.444
1760709524.833966,1.476,1.447
1760709524.8398051,1.264,1.429
1760709524.8452575,1.393,1.425
1760709524.8510847,1.625,1.445
1760709524.856922,1.504,1.451
1760709524.8628001,1.292,1.435
1760709524.8687148,1.431,1.435
1760709524.874172,1.638,1.455
1760709524.880001,1.501,1.459
1760709524.8858345,1.281,1.442
1760709524.8912637,1.38,1.435
1760709524.8971002,1.609,1.453
1760709524.9029303,1.503,1.458
1760709524.9083533,1.301,1.442
1760709524.9137614,1.453,1.443
1760709524.9190958,1.618,1.461
1760709524.9244246,1.505,1.465
1760709524.9297686,1.282,1.447
1760709524.9350946,1.447,1.447
1760709524.9404266,1.617,1.464
1760709524.9457796,1.464,1.464
1760709524.951105,1.277,1.445
1760709524.956429,1.452,1.446
1760709524.9617882,1.546,1.456
1760709524.9671223,1.474,1.458
1760709524.972504,1.289,1.441
1760709524.978392,1.442,1.441
1760709524.9838562,1.603,1.457
1760709524.98944,1.494,1.461
1760709524.9948745,1.276,1.442
1760709525.0015671,1.445,1.443
1760709525.0069046,1.663,1.465
1760709525.0122323,1.465,1.465
1760709525.0175824,1.278,1.446
1760709525.0233083,1.459,1.447
1760709525.0291486,1.636,1.466
1760709525.034533,1.416,1.461
1760709525.0403936,1.253,1.44
1760709525.0458047,1.459,1.442
1760709525.0512033,1.568,1.455
1760709525.0565305,1.509,1.46
1760709525.0619407,1.295,1.444
1760709525.0673466,1.457,1.445
1760709525.073282,1.629,1.463
1760709525.0787554,1.467,1.464
1760709525.0841606,1.277,1.445
1760709525.0896194,1.442,1.445
1760709525.0950296,1.646,1.465
1760709525.1008558,1.457,1.464
1760709525.1062613,1.268,1.445
1760709525.1116672,1.393,1.439
1760709525.1170814,1.626,1.458
1760709525.122526,1.469,1.459
1760709525.1319506,1.287,1.442
1760709525.1374235,1.394,1.437
1760709525.143252,1.611,1.455
1760709525.1486921,1.521,1.461
1760709525.1541405,1.311,1.446
1760709525.159925,1.435,1.445
1760709525.1653962,1.632,1.464
1760709525.1712253,1.379,1.455
1760709525.1772287,1.302,1.44
1760709525.182746,1.472,1.443
1760709525.1885777,1.638,1.463
1760709525.194022,1.457,1.462
1760709525.1998577,1.278,1.444
1760709525.2053444,1.459,1.445
1760709525.2107818,1.63,1.464
1760709525.2166088,1.442,1.462
1760709525.2220488,1.289,1.444
1760709525.2274742,1.442,1.444
1760709525.2333148,1.617,1.461
1760709525.2391412,1.466,1.462
1760709525.2446685,1.237,1.439
1760709525.2505226,1.403,1.436
1760709525.2563484,1.64,1.456
1760709525.2619638,1.471,1.458
1760709525.267301,1.265,1.438
1760709525.2726858,1.372,1.432
1760709525.2781265,1.681,1.457
1760709525.28396,1.472,1.458
1760709525.2895892,1.293,1.442
1760709525.2950273,1.418,1.439
1760709525.30064,1.612,1.457
1760709525.3061395,1.443,1.455
1760709525.3115578,1.276,1.437
1760709525.3168862,1.459,1.439
1760709525.3222084,1.611,1.457
1760709525.328149,1.439,1.455
1760709525.3335812,1.289,1.438
1760709525.3394196,1.437,1.438
1760709525.3448696,1.552,1.45
1760709525.350281,1.459,1.45
1760709525.356118,1.289,1.434
1760709525.3615537,1.463,1.437
1760709525.366993,1.617,1.455
1760709525.372427,1.439,1.454
1760709525.3780437,1.272,1.436
1760709525.3839562,1.462,1.438
1760709525.389601,1.637,1.458
1760709525.3952491,1.431,1.455
1760709525.4006886,1.285,1.438
1760709525.4061015,1.449,1.439
1760709525.4115195,1.629,1.458
1760709525.417003,1.442,1.457
1760709525.4224765,1.276,1.439
1760709525.4283075,1.468,1.442
1760709525.4337223,1.655,1.463
1760709525.4395576,1.444,1.461
1760709525.4452176,1.265,1.442
1760709525.4506805,1.457,1.443
1760709525.4560957,1.621,1.461
1760709525.4615448,1.355,1.45
1760709525.4672804,1.311,1.436
1760709525.4732254,1.405,1.433
1760709525.4790268,1.675,1.457
1760709525.4848971,1.462,1.458
1760709525.4907262,1.285,1.441
1760709525.4965618,1.45,1.442
1760709525.5019796,1.612,1.459
1760709525.5074103,1.485,1.461
1760709525.513489,1.235,1.439
1760709525.519338,1.43,1.438
1760709525.525167,1.551,1.449
1760709525.5306985,1.455,1.45
1760709525.5366378,1.285,1.433
1760709525.5423844,1.446,1.435
1760709525.54823,1.608,1.452
1760709525.5539627,1.434,1.45
1760709525.5594013,1.253,1.43
1760709525.5652747,1.451,1.432
1760709525.5707402,1.545,1.444
1760709525.576275,1.507,1.45
1760709525.5816662,1.281,1.433
1760709525.587296,1.508,1.44
1760709525.5931308,1.593,1.456
1760709525.598554,1.488,1.459
1760709525.6040537,1.237,1.437
1760709525.6099033,1.443,1.437
1760709525.615747,1.627,1.456
1760709525.6216583,1.426,1.453
1760709525.6272345,1.288,1.437
1760709525.6327157,1.456,1.439
1760709525.6385448,1.632,1.458
1760709525.644406,1.433,1.456
1760709525.6498215,1.253,1.435
1760709525.6554365,1.447,1.436
1760709525.6608722,1.591,1.452
1760709525.6663358,1.409,1.448
1760709525.6721675,1.289,1.432
1760709525.6775649,1.431,1.432
1760709525.6830664,1.612,1.45
1760709525.6888962,1.47,1.452
1760709525.6943457,1.288,1.435
1760709525.7001686,1.461,1.438
1760709525.7057354,1.608,1.455
1760709525.7111638,1.422,1.452
1760709525.7167954,1.282,1.435
1760709525.7222126,1.456,1.437
1760709525.7276654,1.621,1.455
1760709525.7335334,1.418,1.451
1760709525.7393696,1.256,1.432
1760709525.745064,1.473,1.436
1760709525.7504892,1.543,1.447
1760709525.7561393,1.484,1.45
1760709525.761653,1.237,1.429
1760709525.7670891,1.454,1.432
1760709525.7725902,1.629,1.451
1760709525.778051,1.418,1.448
1760709525.7838838,1.198,1.423
1760709525.7893481,1.467,1.427
1760709525.7947726,1.646,1.449
1760709525.8002448,1.449,1.449
1760709525.8056777,1.288,1.433
1760709525.8112307,1.466,1.436
1760709525.8166535,1.595,1.452
1760709525.8220818,1.44,1.451
1760709525.8277683,1.289,1.435
1760709525.833177,1.461,1.437
1760709525.8390605,1.597,1.453
1760709525.844817,1.423,1.45
1760709525.8502333,1.264,1.432
1760709525.8556933,1.472,1.436
1760709525.861539,1.575,1.45
1760709525.8669813,1.448,1.45
1760709525.8724132,1.224,1.427
1760709525.8778558,1.483,1.433
1760709525.8837361,1.621,1.451
1760709525.88948,1.43,1.449
1760709525.894901,1.276,1.432
1760709525.9007614,1.483,1.437
1760709525.9061713,1.649,1.458
1760709525.9116216,1.413,1.454
1760709525.916957,1.28,1.436
1760709525.9222846,1.447,1.437
1760709525.9276319,1.579,1.451
1760709525.932963,1.385,1.445
1760709525.9382963,1.272,1.428
1760709525.9436278,1.461,1.431
1760709525.9489596,1.6,1.448
1760709525.954294,1.403,1.443
1760709525.959627,1.204,1.419
1760709525.964975,1.482,1.426
1760709525.9702792,1.611,1.444
1760709525.9756064,1.442,1.444
1760709525.9809809,1.284,1.428
1760709525.9863832,1.456,1.431
1760709525.9918258,1.645,1.452
1760709525.99748,1.424,1.449
1760709526.0028844,1.302,1.435
1760709526.0082138,1.488,1.44
1760709526.013649,1.599,1.456
1760709526.0189722,1.353,1.446
1760709526.0245016,1.272,1.428
1760709526.0299826,1.461,1.431
1760709526.035396,1.612,1.45
1760709526.0408077,1.41,1.446
1760709526.0467784,1.289,1.43
1760709526.0522358,1.492,1.436
1760709526.0576687,1.604,1.453
1760709526.0634992,1.417,1.449
1760709526.068916,1.279,1.432
1760709526.0747461,1.476,1.437
1760709526.0805807,1.632,1.456
1760709526.0860329,1.431,1.454
1760709526.0914629,1.295,1.438
1760709526.0972652,1.481,1.442
1760709526.103095,1.553,1.453
1760709526.108544,1.405,1.448
1760709526.1144776,1.301,1.434
1760709526.1203964,1.509,1.441
1760709526.125958,1.633,1.46
1760709526.1313705,1.414,1.456
1760709526.1372383,1.287,1.439
1760709526.1430604,1.435,1.438
1760709526.148886,1.543,1.449
1760709526.154735,1.433,1.447
1760709526.16059,1.288,1.431
1760709526.1660676,1.492,1.437
1760709526.1719754,1.637,1.457
1760709526.1774254,1.418,1.453
1760709526.183264,1.276,1.436
1760709526.1890976,1.472,1.439
1760709526.1945205,1.614,1.457
1760709526.1999753,1.43,1.454
1760709526.2054589,1.225,1.431
1760709526.2112465,1.509,1.439
1760709526.2166662,1.633,1.458
1760709526.2220938,1.427,1.455
1760709526.2277567,1.289,1.439
1760709526.2336023,1.483,1.443
1760709526.2394342,1.646,1.463
1760709526.2453291,1.384,1.455
1760709526.2510846,1.276,1.437
1760709526.2568436,1.48,1.442
1760709526.262242,1.613,1.459
1760709526.267644,1.392,1.452
1760709526.2730126,1.274,1.434
1760709526.2783964,1.497,1.441
1760709526.2838347,1.638,1.46
1760709526.289488,1.435,1.458
1760709526.2949305,1.293,1.441
1760709526.3007557,1.495,1.447
1760709526.3065882,1.59,1.461
1760709526.3119764,1.294,1.444
1760709526.3174949,1.279,1.428
1760709526.3229358,1.559,1.441
1760709526.3287654,1.66,1.463
1760709526.334183,1.396,1.456
1760709526.3396177,1.321,1.443
1760709526.3453264,1.492,1.448
1760709526.3507442,1.65,1.468
1760709526.356595,1.431,1.464
1760709526.3620071,1.279,1.446
1760709526.3674774,1.472,1.448
1760709526.373158,1.6,1.463
1760709526.3789902,1.419,1.459
1760709526.3845701,1.297,1.443
1760709526.3900704,1.497,1.448
1760709526.3959193,1.597,1.463
1760709526.4018147,1.446,1.461
1760709526.4072485,1.302,1.446
1760709526.4126775,1.487,1.45
1760709526.4180107,1.629,1.468
1760709526.4234533,1.34,1.455
1760709526.429353,1.328,1.442
1760709526.434775,1.509,1.449
1760709526.4406013,1.676,1.472
1760709526.4460156,1.43,1.467
1760709526.4518604,1.232,1.444
1760709526.4574354,1.469,1.446
1760709526.462847,1.648,1.467
1760709526.468421,1.421,1.462
1760709526.4738414,1.289,1.445
1760709526.4796774,1.443,1.445
1760709526.4855447,1.624,1.463
1760709526.4913788,1.423,1.459
1760709526.4972565,1.276,1.44
1760709526.5026739,1.496,1.446
1760709526.5082986,1.601,1.461
1760709526.5140328,1.436,1.459
1760709526.5194573,1.28,1.441
1760709526.5253162,1.484,1.445
1760709526.5312345,1.594,1.46
1760709526.5367699,1.38,1.452
1760709526.542701,1.202,1.427
1760709526.5485685,1.513,1.436
1760709526.5540016,1.675,1.459
1760709526.5596533,1.454,1.459
1760709526.5650609,1.271,1.44
1760709526.570901,1.467,1.443
1760709526.576285,1.614,1.46
1760709526.5816638,1.416,1.455
1760709526.5870953,1.211,1.431
1760709526.5929222,1.472,1.435
1760709526.5983427,1.588,1.45
1760709526.6040287,1.409,1.446
1760709526.6094918,1.277,1.429
1760709526.6149144,1.452,1.432
1760709526.620422,1.612,1.45
1760709526.6259036,1.413,1.446
1760709526.631346,1.295,1.431
1760709526.6367753,1.5,1.438
1760709526.6427433,1.535,1.447
1760709526.6485777,1.389,1.442
1760709526.654005,1.313,1.429
1760709526.6594272,1.504,1.436
1760709526.6655004,1.629,1.456
1760709526.6713555,1.397,1.45
1760709526.6772244,1.29,1.434
1760709526.6829512,1.488,1.439
1760709526.6887836,1.61,1.456
1760709526.6942196,1.405,1.451
1760709526.700053,1.305,1.436
1760709526.7054994,1.507,1.444
1760709526.7111337,1.604,1.46
1760709526.7165473,1.397,1.453
1760709526.7219815,1.304,1.438
1760709526.7274346,1.521,1.447
1760709526.7333286,1.587,1.461
1760709526.7391503,1.403,1.455
1760709526.7450027,1.28,1.437
1760709526.7508352,1.493,1.443
1760709526.756664,1.608,1.46
1760709526.7621243,1.401,1.454
1760709526.7675421,1.225,1.431
1760709526.7731152,1.513,1.439
1760709526.778942,1.604,1.455
1760709526.7845707,1.457,1.456
1760709526.790454,1.235,1.434
1760709526.796309,1.527,1.443
1760709526.8019636,1.598,1.458
1760709526.807403,1.427,1.455
1760709526.8132758,1.276,1.437
1760709526.8188488,1.525,1.446
1760709526.824702,1.608,1.462
1760709526.8300967,1.366,1.453
1760709526.8355188,1.271,1.435
1760709526.840963,1.469,1.438
1760709526.846873,1.633,1.458
1760709526.8523147,1.379,1.45
1760709526.857733,1.285,1.433
1760709526.8635845,1.516,1.441
1760709526.8690236,1.576,1.455
1760709526.874854,1.354,1.445
1760709526.880756,1.301,1.431
1760709526.886194,1.491,1.437
1760709526.891834,1.584,1.451
1760709526.8973465,1.341,1.44
1760709526.903181,1.317,1.428
1760709526.9086845,1.499,1.435
1760709526.9140322,1.611,1.453
1760709526.919363,1.416,1.449
1760709526.9246924,1.308,1.435
1760709526.9300325,1.457,1.437
1760709526.935363,1.587,1.452
1760709526.940941,1.463,1.453
1760709526.9462717,1.231,1.431
1760709526.9516006,1.474,1.435
1760709526.9569309,1.604,1.452
1760709526.9622757,1.401,1.447
1760709526.9676056,1.202,1.422
1760709526.9729803,1.506,1.431
1760709526.9783099,1.607,1.448
1760709526.983637,1.39,1.443
1760709526.9889653,1.315,1.43
1760709526.9942927,1.521,1.439
1760709527.0001168,1.606,1.456
1760709527.0055413,1.393,1.449
1760709527.0108821,1.184,1.423
1760709527.0162082,1.56,1.437
1760709527.0215108,1.596,1.453
1760709527.0269315,1.391,1.446
1760709527.0323226,1.303,1.432
1760709527.0377758,1.443,1.433
1760709527.043565,1.583,1.448
1760709527.0489755,1.397,1.443
1760709527.0548449,1.282,1.427
1760709527.0604298,1.475,1.432
1760709527.0658813,1.571,1.446
1760709527.0716994,1.383,1.439
1760709527.0777848,1.308,1.426
1760709527.0833054,1.521,1.436
1760709527.0890818,1.533,1.445
1760709527.0944939,1.356,1.436
1760709527.0999734,1.175,1.41
1760709527.1055756,1.411,1.41
1760709527.1113076,1.55,1.424
1760709527.1167672,1.314,1.413
1760709527.1221614,1.324,1.404
1760709527.1280828,1.513,1.415
1760709527.1339223,1.613,1.435
1760709527.1393561,1.427,1.434
1760709527.1447842,1.326,1.423
1760709527.1502025,1.505,1.432
1760709527.1556432,1.591,1.447
1760709527.161106,1.405,1.443
1760709527.1665494,1.297,1.429
1760709527.1721818,1.508,1.437
1760709527.1776066,1.633,1.456
1760709527.1830957,1.351,1.446
1760709527.1887567,1.285,1.43
1760709527.1941767,1.5,1.437
1760709527.200007,1.61,1.454
1760709527.2055316,1.381,1.447
1760709527.2114491,1.309,1.433
1760709527.2168574,1.509,1.44
1760709527.2222717,1.591,1.456
1760709527.2281008,1.409,1.451
1760709527.2335727,1.306,1.436
1760709527.2389715,1.5,1.443
1760709527.2446835,1.523,1.451
1760709527.2505152,1.351,1.441
1760709527.2563403,1.343,1.431
1760709527.2617693,1.551,1.443
1760709527.2672088,1.588,1.457
1760709527.2725527,1.4,1.452
1760709527.2778835,1.336,1.44
1760709527.283273,1.536,1.45
1760709527.2891693,1.621,1.467
1760709527.2945716,1.368,1.457
1760709527.3000054,1.336,1.445
1760709527.305484,1.53,1.453
1760709527.3111653,1.594,1.467
1760709527.316591,1.38,1.459
1760709527.321995,1.332,1.446
1760709527.32757,1.509,1.452
1760709527.3335936,1.599,1.467
1760709527.3394215,1.411,1.461
1760709527.3450494,1.284,1.444
1760709527.3507144,1.522,1.451
1760709527.3565757,1.54,1.46
1760709527.3619766,1.444,1.459
1760709527.3673902,1.345,1.447
1760709527.3732667,1.501,1.453
1760709527.3789248,1.582,1.466
1760709527.3843586,1.302,1.449
1760709527.3897943,1.366,1.441
1760709527.3952396,1.542,1.451
1760709527.4006796,1.604,1.466
1760709527.4060938,1.382,1.458
1760709527.411941,1.336,1.446
1760709527.41738,1.534,1.455
1760709527.4227989,1.6,1.469
1760709527.4285564,1.388,1.461
1760709527.4339364,1.345,1.449
1760709527.4397347,1.466,1.451
1760709527.4454417,1.642,1.47
1760709527.4512753,1.379,1.461
1760709527.4567006,1.286,1.444
1760709527.4621208,1.482,1.447
1760709527.4676437,1.607,1.463
1760709527.473335,1.417,1.459
1760709527.4787717,1.302,1.443
1760709527.4846072,1.521,1.451
1760709527.4900544,1.576,1.463
1760709527.4958956,1.38,1.455
1760709527.5017533,1.328,1.442
1760709527.5072107,1.496,1.448
1760709527.5126061,1.588,1.462
1760709527.5179362,1.368,1.452
1760709527.523316,1.317,1.439
1760709527.5290997,1.555,1.45
1760709527.534488,1.587,1.464
1760709527.5399363,1.353,1.453
1760709527.5457194,1.33,1.441
1760709527.5514925,1.465,1.443
1760709527.5571733,1.596,1.458
1760709527.5625944,1.395,1.452
1760709527.567954,1.266,1.434
1760709527.5733132,1.484,1.439
1760709527.5787153,1.636,1.458
1760709527.5841389,1.4,1.452
1760709527.5895994,1.326,1.44
1760709527.5950317,1.556,1.451
1760709527.6004477,1.571,1.463
1760709527.6058443,1.379,1.455
1760709527.6112273,1.324,1.442
1760709527.6166213,1.542,1.452
1760709527.6220114,1.582,1.465
1760709527.6273904,1.367,1.455
1760709527.6327667,1.318,1.441
1760709527.638106,1.563,1.453
1760709527.643498,1.56,1.464
1760709527.6490564,1.339,1.452
1760709527.6543937,1.31,1.438
1760709527.6597676,1.522,1.446
1760709527.6651664,1.501,1.451
1760709527.6705592,1.31,1.437
1760709527.6763153,1.353,1.429
1760709527.6817296,1.574,1.443
1760709527.6871154,1.595,1.459
1760709527.6928937,1.367,1.449
1760709527.6983454,1.326,1.437
1760709527.7041557,1.569,1.45
1760709527.709537,1.571,1.462
1760709527.715402,1.339,1.45
1760709527.721153,1.298,1.435
1760709527.7265468,1.534,1.445
1760709527.7319405,1.565,1.457
1760709527.7373676,1.371,1.448
1760709527.7431433,1.302,1.434
1760709527.748911,1.551,1.445
1760709527.754324,1.574,1.458
1760709527.7600772,1.341,1.446
1760709527.765509,1.229,1.425
1760709527.7712622,1.561,1.438
1760709527.7776139,1.592,1.454
1760709527.7834454,1.354,1.444
1760709527.7893276,1.313,1.431
1760709527.7948093,1.552,1.443
1760709527.8006523,1.54,1.452
1760709527.8064828,1.38,1.445
1760709527.8122656,1.332,1.434
1760709527.817692,1.563,1.447
1760709527.823136,1.59,1.461
1760709527.828901,1.354,1.45
1760709527.8343282,1.342,1.44
1760709527.8397746,1.534,1.449
1760709527.8452756,1.571,1.461
1760709527.8508055,1.349,1.45
1760709527.856641,1.354,1.44
1760709527.8620746,1.542,1.451
1760709527.867486,1.576,1.463
1760709527.873212,1.321,1.449
1760709527.8790512,1.337,1.438
1760709527.8846216,1.487,1.443
1760709527.8900123,1.603,1.459
1760709527.8955076,1.405,1.453
1760709527.901376,1.331,1.441
1760709527.9071558,1.559,1.453
1760709527.9125712,1.563,1.464
1760709527.9179044,1.341,1.452
1760709527.9232428,1.319,1.438
1760709527.928569,1.548,1.449
1760709527.9339101,1.572,1.462
1760709527.9392416,1.339,1.449
1760709527.9445727,1.276,1.432
1760709527.9499264,1.509,1.44
1760709527.9552593,1.584,1.454
1760709527.960596,1.359,1.445
1760709527.9659538,1.341,1.434
1760709527.9712832,1.501,1.441
1760709527.9766123,1.55,1.452
1760709527.9819837,1.322,1.439
1760709527.9874043,1.326,1.428
1760709527.992849,1.545,1.439
1760709527.9982283,1.604,1.456
1760709528.0036907,1.237,1.434
1760709528.0090153,1.332,1.424
1760709528.0144494,1.569,1.438
1760709528.0197856,1.579,1.452
1760709528.0251663,1.354,1.442
1760709528.030563,1.343,1.432
1760709528.0363998,1.56,1.445
1760709528.0418127,1.582,1.459
1760709528.0472097,1.376,1.451
1760709528.0530539,1.376,1.443
1760709528.0584347,1.546,1.453
1760709528.0641935,1.565,1.465
1760709528.069906,1.332,1.451
1760709528.0756886,1.323,1.439
1760709528.081152,1.534,1.448
1760709528.0866494,1.563,1.459
1760709528.0920484,1.33,1.447
1760709528.097489,1.337,1.436
1760709528.103251,1.543,1.446
1760709528.1086216,1.585,1.46
1760709528.1140938,1.343,1.448
1760709528.1194208,1.346,1.438
1760709528.1251714,1.555,1.45
1760709528.1306255,1.576,1.463
1760709528.136395,1.267,1.443
1760709528.1417685,1.379,1.437
1760709528.147204,1.584,1.451
1760709528.1528103,1.575,1.464
1760709528.1583302,1.364,1.454
1760709528.1641462,1.332,1.442
1760709528.169674,1.565,1.454
1760709528.1754286,1.561,1.465
1760709528.1808765,1.347,1.453
1760709528.1862977,1.368,1.444
1760709528.1919377,1.611,1.461
1760709528.1973946,1.595,1.474
1760709528.2032528,1.342,1.461
1760709528.2086875,1.342,1.449
1760709528.2140846,1.57,1.461
1760709528.2198427,1.586,1.474
1760709528.2256105,1.33,1.459
1760709528.2310083,1.304,1.444
1760709528.2369251,1.611,1.46
1760709528.242441,1.591,1.474
1760709528.2483056,1.33,1.459
1760709528.2539737,1.271,1.44
1760709528.259411,1.534,1.45
1760709528.2652812,1.613,1.466
1760709528.270696,1.368,1.456
1760709528.276028,1.354,1.446
1760709528.2813764,1.566,1.458
1760709528.2868876,1.582,1.47
1760709528.292234,1.355,1.459
1760709528.2975318,1.355,1.448
1760709528.30336,1.571,1.461
1760709528.3092387,1.603,1.475
1760709528.314657,1.355,1.463
1760709528.3200853,1.34,1.451
1760709528.3258824,1.628,1.468
1760709528.3314166,1.483,1.47
1760709528.3371172,1.327,1.456
1760709528.3425283,1.29,1.439
1760709528.3479571,1.586,1.454
1760709528.3533895,1.575,1.466
1760709528.3587234,1.359,1.455
1760709528.3641152,1.343,1.444
1760709528.3694768,1.54,1.454
1760709528.3748877,1.543,1.463
1760709528.3807645,1.33,1.449
1760709528.3862402,1.332,1.438
1760709528.3920734,1.575,1.451
1760709528.3975298,1.586,1.465
1760709528.4033632,1.343,1.453
1760709528.4088793,1.347,1.442
1760709528.4143114,1.562,1.454
1760709528.4197428,1.534,1.462
1760709528.4255717,1.341,1.45
1760709528.4314804,1.359,1.441
1760709528.4371374,1.553,1.452
1760709528.4429674,1.467,1.453
1760709528.4488082,1.343,1.442
1760709528.454259,1.363,1.434
1760709528.460117,1.593,1.45
1760709528.4656417,1.545,1.46
1760709528.4710832,1.302,1.444
1760709528.476922,1.343,1.434
1760709528.4823308,1.565,1.447
1760709528.488055,1.551,1.457
1760709528.4938872,1.311,1.443
1760709528.4993658,1.329,1.431
1760709528.5048115,1.577,1.446
1760709528.5103064,1.568,1.458
1760709528.5157273,1.335,1.446
1760709528.521569,1.337,1.435
1760709528.5271382,1.572,1.449
1760709528.5325832,1.505,1.454
1760709528.5384808,1.354,1.444
1760709528.544311,1.355,1.435
1760709528.5497403,1.599,1.452
1760709528.5553293,1.575,1.464
1760709528.5607882,1.314,1.449
1760709528.5662212,1.335,1.438
1760709528.5720618,1.559,1.45
1760709528.5775294,1.56,1.461
1760709528.5833614,1.284,1.443
1760709528.5892572,1.322,1.431
1760709528.5946796,1.584,1.446
1760709528.600115,1.547,1.456
1760709528.605547,1.292,1.44
1760709528.6109989,1.35,1.431
1760709528.6168242,1.576,1.445
1760709528.6222484,1.553,1.456
1760709528.628165,1.317,1.442
1760709528.6339648,1.347,1.433
1760709528.6396828,1.572,1.447
1760709528.6451433,1.549,1.457
1760709528.650984,1.298,1.441
1760709528.6568213,1.306,1.428
1760709528.6626482,1.575,1.442
1760709528.668133,1.56,1.454
1760709528.6735737,1.28,1.437
1760709528.679411,1.339,1.427
1760709528.6848636,1.584,1.443
1760709528.6903,1.56,1.454
1760709528.6957843,1.35,1.444
1760709528.7016215,1.392,1.439
1760709528.7071636,1.576,1.452
1760709528.7126837,1.534,1.461
1760709528.7181215,1.302,1.445
1760709528.723553,1.35,1.435
1760709528.7294173,1.571,1.449
1760709528.7352557,1.513,1.455
1760709528.7410865,1.319,1.442
1760709528.7469227,1.364,1.434
1760709528.7527518,1.571,1.448
1760709528.7582371,1.522,1.455
1760709528.764059,1.311,1.441
1760709528.7695425,1.392,1.436
1760709528.7753682,1.547,1.447
1760709528.781224,1.526,1.455
1760709528.7867007,1.328,1.442
1760709528.7921598,1.343,1.432
1760709528.7975643,1.574,1.446
1760709528.8033886,1.542,1.456
1760709528.8092477,1.297,1.44
1760709528.8146832,1.303,1.426
1760709528.8200696,1.606,1.444
1760709528.825905,1.551,1.455
1760709528.8313947,1.261,1.436
1760709528.8371272,1.375,1.43
1760709528.8429844,1.603,1.447
1760709528.8488135,1.563,1.458
1760709528.854248,1.31,1.444
1760709528.8596907,1.364,1.436
1760709528.8655276,1.584,1.45
1760709528.8713548,1.547,1.46
1760709528.8771276,1.316,1.446
1760709528.882958,1.346,1.436
1760709528.8884296,1.592,1.451
1760709528.8939857,1.559,1.462
1760709528.8993156,1.304,1.446
1760709528.904804,1.367,1.438
1760709528.9103525,1.596,1.454
1760709528.9156835,1.56,1.465
1760709528.9210198,1.31,1.449
1760709528.9263487,1.355,1.44
1760709528.9317043,1.521,1.448
1760709528.9370334,1.562,1.459
1760709528.9423594,1.305,1.444
1760709528.94769,1.406,1.44
1760709528.953019,1.548,1.451
1760709528.9583676,1.534,1.459
1760709528.9637046,1.287,1.442
1760709528.9688985,1.35,1.433
1760709528.974136,1.572,1.447
1760709528.9794629,1.526,1.455
1760709528.9850314,1.313,1.441
1760709528.990413,1.354,1.432
1760709528.9958894,1.579,1.447
1760709529.0014653,1.479,1.45
1760709529.0068135,1.32,1.437
1760709529.0121434,1.374,1.43
1760709529.0175354,1.598,1.447
1760709529.0232997,1.546,1.457
1760709529.0291545,1.316,1.443
1760709529.0345342,1.358,1.434
1760709529.040342,1.609,1.452
1760709529.0457513,1.546,1.461
1760709529.051505,1.237,1.439
1760709529.0570452,1.397,1.435
1760709529.062938,1.594,1.451
1760709529.0686913,1.581,1.464
1760709529.074116,1.321,1.449
1760709529.0803957,1.355,1.44
1760709529.085977,1.613,1.457
1760709529.0914252,1.573,1.469
1760709529.0968106,1.336,1.456
1760709529.1024983,1.356,1.446
1760709529.1080904,1.599,1.461
1760709529.113943,1.525,1.467
1760709529.1193368,1.302,1.451
1760709529.1249235,1.377,1.444
1760709529.1303751,1.516,1.451
1760709529.1358151,1.565,1.462
1760709529.141663,1.316,1.448
1760709529.147118,1.404,1.443
1760709529.153019,1.638,1.463
1760709529.158849,1.565,1.473
1760709529.1646857,1.313,1.457
1760709529.170193,1.35,1.446
1760709529.1760283,1.589,1.46
1760709529.181472,1.53,1.467
1760709529.1871688,1.311,1.452
1760709529.1929712,1.352,1.442
1760709529.198805,1.53,1.451
1760709529.20434,1.56,1.462
1760709529.2097685,1.323,1.448
1760709529.2155318,1.332,1.436
1760709529.2209852,1.629,1.455
1760709529.2268274,1.543,1.464
1760709529.2322664,1.284,1.446
1760709529.2376878,1.354,1.437
1760709529.2435455,1.594,1.453
1760709529.2490115,1.536,1.461
1760709529.2544558,1.299,1.445
1760709529.259904,1.368,1.437
1760709529.2653685,1.613,1.455
1760709529.2706888,1.547,1.464
1760709529.2760172,1.305,1.448
1760709529.281427,1.369,1.44
1760709529.2868423,1.585,1.455
1760709529.292475,1.538,1.463
1760709529.2979238,1.294,1.446
1760709529.303749,1.302,1.432
1760709529.3092716,1.565,1.445
1760709529.3147526,1.445,1.445
1760709529.32007,1.289,1.429
1760709529.32592,1.38,1.424
1760709529.3313394,1.6,1.442
1760709529.3367543,1.526,1.45
1760709529.342161,1.341,1.439
1760709529.3480136,1.37,1.433
1760709529.3538995,1.59,1.448
1760709529.3593009,1.522,1.456
1760709529.3647845,1.289,1.439
1760709529.370191,1.363,1.431
1760709529.3759642,1.598,1.448
1760709529.3814192,1.551,1.458
1760709529.3871753,1.3,1.443
1760709529.392993,1.356,1.434
1760709529.3988242,1.609,1.451
1760709529.4042406,1.526,1.459
1760709529.409593,1.279,1.441
1760709529.4149234,1.347,1.431
1760709529.4202533,1.587,1.447
1760709529.4259717,1.526,1.455
1760709529.4313817,1.301,1.44
1760709529.4367938,1.322,1.428
1760709529.442203,1.609,1.446
1760709529.4480314,1.555,1.457
1760709529.4538982,1.319,1.443
1760709529.4596498,1.347,1.433
1760709529.4655252,1.59,1.449
1760709529.4713552,1.543,1.459
1760709529.4771025,1.269,1.44
1760709529.482528,1.383,1.434
1760709529.488366,1.61,1.452
1760709529.4939685,1.56,1.462
1760709529.4995518,1.282,1.444
1760709529.50533,1.385,1.438
1760709529.5108309,1.569,1.452
1760709529.516241,1.536,1.46
1760709529.521658,1.253,1.439
1760709529.52711,1.376,1.433
1760709529.532526,1.625,1.452
1760709529.5384436,1.553,1.462
1760709529.5442722,1.26,1.442
1760709529.5496917,1.376,1.435
1760709529.555318,1.621,1.454
1760709529.5609024,1.509,1.459
1760709529.5663233,1.328,1.446
1760709529.5717685,1.381,1.44
1760709529.5772617,1.543,1.45
1760709529.5830958,1.52,1.457
1760709529.5888934,1.226,1.434
1760709529.5943053,1.388,1.429
1760709529.5997367,1.628,1.449
1760709529.6051743,1.55,1.459
1760709529.6106153,1.285,1.442
1760709529.6160715,1.38,1.436
1760709529.621787,1.584,1.45
1760709529.627238,1.513,1.457
1760709529.6330674,1.292,1.44
1760709529.638901,1.377,1.434
1760709529.6447494,1.592,1.45
1760709529.6505802,1.524,1.457
1760709529.656412,1.297,1.441
1760709529.6618605,1.397,1.437
1760709529.6672878,1.617,1.455
1760709529.6731176,1.509,1.46
1760709529.6788356,1.268,1.441
1760709529.684579,1.349,1.432
1760709529.6900616,1.593,1.448
1760709529.6955543,1.497,1.453
1760709529.7014234,1.276,1.435
1760709529.7070975,1.261,1.418
1760709529.7128968,1.656,1.442
1760709529.7187567,1.509,1.448
1760709529.7245853,1.301,1.434
1760709529.7300105,1.404,1.431
1760709529.7354238,1.626,1.45
1760709529.7409759,1.527,1.458
1760709529.7468376,1.269,1.439
1760709529.7522576,1.38,1.433
1760709529.7577927,1.614,1.451
1760709529.7636185,1.56,1.462
1760709529.7690425,1.289,1.445
1760709529.7748692,1.343,1.435
1760709529.7807336,1.594,1.451
1760709529.7861676,1.51,1.456
1760709529.7918453,1.276,1.438
1760709529.7972953,1.387,1.433
1760709529.8031294,1.612,1.451
1760709529.808766,1.525,1.459
1760709529.8141875,1.285,1.441
1760709529.819608,1.377,1.435
1760709529.8254883,1.61,1.452
1760709529.8313289,1.484,1.455
1760709529.837084,1.256,1.436
1760709529.8429146,1.395,1.431
1760709529.8484714,1.625,1.451
1760709529.8539677,1.523,1.458
1760709529.8594408,1.278,1.44
1760709529.864871,1.381,1.434
1760709529.8702214,1.613,1.452
1760709529.8760622,1.551,1.462
1760709529.881522,1.285,1.444
1760709529.8870947,1.385,1.438
1760709529.892496,1.583,1.453
1760709529.8978775,1.509,1.458
1760709529.9037127,1.285,1.441
1760709529.909226,1.32,1.429
1760709529.9145772,1.622,1.448
1760709529.9199104,1.529,1.456
1760709529.925269,1.295,1.44
1760709529.9306178,1.388,1.435
1760709529.9359493,1.616,1.453
1760709529.9413054,1.51,1.459
1760709529.9466474,1.224,1.435
1760709529.951991,1.279,1.42
1760709529.9574256,1.495,1.427
1760709529.962761,1.467,1.431
1760709529.9680865,1.21,1.409
1760709529.9734468,1.387,1.407
1760709529.978774,1.668,1.433
1760709529.9843814,1.542,1.444
1760709529.9898229,1.264,1.426
1760709529.995239,1.221,1.405
1760709530.0006776,1.46,1.411
1760709530.0060117,1.359,1.406
1760709530.0113502,1.186,1.384
1760709530.0167606,1.253,1.371
1760709530.0220869,1.61,1.395
1760709530.0279555,1.524,1.407
1760709530.0333762,1.252,1.392
1760709530.039136,1.237,1.376
1760709530.0447483,1.474,1.386
1760709530.0501559,1.436,1.391
1760709530.055581,1.187,1.371
1760709530.0612664,1.33,1.367
1760709530.0671225,1.625,1.393
1760709530.0729952,1.56,1.409
1760709530.0788212,1.327,1.401
1760709530.084654,1.448,1.406
1760709530.0906053,1.692,1.434
1760709530.096217,1.578,1.449
1760709530.101973,1.354,1.439
1760709530.107642,1.418,1.437
1760709530.1135178,1.625,1.456
1760709530.1193514,1.449,1.455
1760709530.1251779,1.318,1.441
1760709530.1306498,1.445,1.442
1760709530.1365552,1.6,1.458
1760709530.141973,1.53,1.465
1760709530.1474009,1.314,1.45
1760709530.1532745,1.421,1.447
1760709530.1588526,1.642,1.466
1760709530.16469,1.522,1.472
1760709530.170191,1.314,1.456
1760709530.1756136,1.405,1.451
1760709530.1815135,1.687,1.475
1760709530.1869457,1.559,1.483
1760709530.1927645,1.337,1.469
1760709530.198279,1.419,1.464
1760709530.2037196,1.648,1.482
1760709530.2090957,1.522,1.486
1760709530.214848,1.3,1.467
1760709530.2206628,1.401,1.461
1760709530.2260697,1.633,1.478
1760709530.2314935,1.495,1.48
1760709530.2370713,1.298,1.461
1760709530.2431493,1.387,1.454
1760709530.2485387,1.612,1.47
1760709530.2539577,1.48,1.471
1760709530.259403,1.22,1.446
1760709530.2650282,1.3,1.431
1760709530.2704833,1.514,1.439
1760709530.2758148,1.446,1.44
1760709530.2811632,1.285,1.425
1760709530.2865772,1.422,1.424
1760709530.2920387,1.666,1.448
1760709530.2975202,1.509,1.454
1760709530.303357,1.306,1.44
1760709530.3087773,1.354,1.431
1760709530.314213,1.714,1.459
1760709530.3195486,1.542,1.468
1760709530.3254151,1.282,1.449
1760709530.331254,1.405,1.445
1760709530.3371038,1.642,1.464
1760709530.3429337,1.521,1.47
1760709530.3483646,1.264,1.449
1760709530.3539886,1.439,1.448
1760709530.3598132,1.663,1.47
1760709530.3656852,1.52,1.475
1760709530.3715088,1.279,1.455
1760709530.377126,1.436,1.453
1760709530.3826303,1.656,1.474
1760709530.3884594,1.514,1.478
1760709530.3939614,1.278,1.458
1760709530.3997977,1.393,1.451
1760709530.4053981,1.663,1.472
1760709530.4109294,1.518,1.477
1760709530.416366,1.277,1.457
1760709530.4219697,1.381,1.449
1760709530.4276147,1.675,1.472
1760709530.433512,1.545,1.479
1760709530.4393244,1.237,1.455
1760709530.4448473,1.405,1.45
1760709530.450358,1.622,1.467
1760709530.4558418,1.501,1.471
1760709530.461525,1.275,1.451
1760709530.46694,1.428,1.449
1760709530.4724154,1.595,1.463
1760709530.4783788,1.498,1.467
1760709530.4841385,1.268,1.447
1760709530.4895895,1.409,1.443
1760709530.4950056,1.63,1.462
1760709530.5008318,1.5,1.466
1760709530.506667,1.173,1.436
1760709530.5121484,1.394,1.432
1760709530.5175986,1.663,1.455
1760709530.5232618,1.509,1.461
1760709530.5290196,1.278,1.442
1760709530.534456,1.405,1.439
1760709530.5398698,1.624,1.457
1760709530.5453308,1.501,1.462
1760709530.5511618,1.289,1.444
1760709530.5570002,1.398,1.44
1760709530.5624173,1.589,1.455
1760709530.5678377,1.504,1.46
1760709530.5733402,1.289,1.442
1760709530.5791762,1.403,1.439
1760709530.5846136,1.629,1.458
1760709530.5901303,1.496,1.462
1760709530.5955622,1.306,1.446
1760709530.6014266,1.429,1.444
1760709530.606852,1.64,1.464
1760709530.6127076,1.525,1.47
1760709530.6181247,1.255,1.448
1760709530.6236985,1.392,1.443
1760709530.6295428,1.622,1.461
1760709530.6349678,1.476,1.462
1760709530.6408212,1.276,1.444
1760709530.646452,1.419,1.441
1760709530.6520667,1.621,1.459
1760709530.6575253,1.484,1.462
1760709530.6633623,1.237,1.439
1760709530.669284,1.405,1.436
1760709530.6747153,1.601,1.452
1760709530.6805484,1.485,1.456
1760709530.6858897,1.237,1.434
1760709530.6912305,1.405,1.431
1760709530.6966045,1.66,1.454
1760709530.702046,1.514,1.46
1760709530.7074397,1.235,1.437
1760709530.7133996,1.401,1.434
1760709530.7187324,1.62,1.452
1760709530.724156,1.488,1.456
1760709530.7299707,1.281,1.438
1760709530.7357807,1.431,1.438
1760709530.7412348,1.629,1.457
1760709530.7466452,1.488,1.46
1760709530.7521,1.231,1.437
1760709530.7575326,1.375,1.431
1760709530.7633266,1.538,1.442
1760709530.7691634,1.37,1.434
1760709530.775129,1.199,1.411
1760709530.7807798,1.397,1.409
1760709530.786203,1.581,1.427
1760709530.79164,1.519,1.436
1760709530.7970927,1.317,1.424
1760709530.802925,1.418,1.423
1760709530.8083663,1.66,1.447
1760709530.813968,1.514,1.454
1760709530.8195195,1.293,1.438
1760709530.8250232,1.38,1.432
1760709530.8308532,1.593,1.448
1760709530.8366928,1.496,1.453
1760709530.8424935,1.292,1.437
1760709530.8483295,1.43,1.436
1760709530.853768,1.642,1.457
1760709530.8592067,1.488,1.46
1760709530.8650439,1.285,1.442
1760709530.8703766,1.429,1.441
1760709530.8758218,1.599,1.457
1760709530.8813093,1.483,1.459
1760709530.887057,1.288,1.442
1760709530.8928857,1.434,1.441
1760709530.8987415,1.679,1.465
1760709530.904461,1.482,1.467
1760709530.9103487,1.261,1.446
1760709530.915681,1.366,1.438
1760709530.9210103,1.664,1.461
1760709530.9263408,1.543,1.469
1760709530.931667,1.289,1.451
1760709530.936996,1.443,1.45
1760709530.9423294,1.629,1.468
1760709530.9476597,1.496,1.471
1760709530.95299,1.298,1.454
1760709530.9583373,1.426,1.451
1760709530.9636757,1.604,1.466
1760709530.9690876,1.483,1.468
1760709530.9744658,1.279,1.449
1760709530.979881,1.41,1.445
1760709530.9853468,1.648,1.465
1760709530.990933,1.493,1.468
1760709530.9965298,1.287,1.45
1760709531.0018992,1.432,1.448
1760709531.007228,1.617,1.465
1760709531.0125544,1.483,1.467
1760709531.0179665,1.278,1.448
1760709531.0233617,1.418,1.445
1760709531.0289502,1.626,1.463
1760709531.0343354,1.495,1.466
1760709531.0399106,1.285,1.448
1760709531.0453691,1.359,1.439
1760709531.0509417,1.573,1.453
1760709531.0565195,1.496,1.457
1760709531.061846,1.305,1.442
1760709531.0672312,1.429,1.44
1760709531.0730026,1.625,1.459
1760709531.078621,1.457,1.459
1760709531.0843978,1.285,1.441
1760709531.0898476,1.423,1.44
1760709531.0952935,1.614,1.457
1760709531.101135,1.481,1.459
1760709531.1069703,1.276,1.441
1760709531.1127963,1.388,1.436
1760709531.1182623,1.586,1.451
1760709531.123685,1.494,1.455
1760709531.1300232,1.229,1.433
1760709531.135511,1.405,1.43
1760709531.141408,1.626,1.449
1760709531.1470542,1.51,1.456
1760709531.1529577,1.278,1.438
1760709531.1588001,1.395,1.434
1760709531.1646395,1.572,1.447
1760709531.17006,1.496,1.452
1760709531.17589,1.237,1.431
1760709531.1814485,1.426,1.43
1760709531.1868808,1.607,1.448
1760709531.1928487,1.453,1.448
1760709531.1986837,1.259,1.429
1760709531.2044754,1.405,1.427
1760709531.2098954,1.627,1.447
1760709531.2156935,1.471,1.449
1760709531.2211194,1.237,1.428
1760709531.2269583,1.372,1.423
1760709531.2325933,1.666,1.447
1760709531.2384205,1.432,1.445
1760709531.2442553,1.231,1.424
1760709531.249712,1.38,1.42
1760709531.2553337,1.625,1.44
1760709531.2607844,1.466,1.443
1760709531.2661932,1.256,1.424
1760709531.2716022,1.41,1.423
1760709531.2770329,1.613,1.442
1760709531.2824378,1.459,1.443
1760709531.2882888,1.261,1.425
1760709531.2939768,1.418,1.424
1760709531.2994747,1.617,1.444
1760709531.3048992,1.477,1.447
1760709531.3107288,1.284,1.431
1760709531.3161516,1.431,1.431
1760709531.321974,1.629,1.451
1760709531.327601,1.405,1.446
1760709531.333503,1.301,1.432
1760709531.339333,1.422,1.431
1760709531.345108,1.599,1.447
1760709531.3509417,1.478,1.45
1760709531.356802,1.275,1.433
1760709531.3622224,1.442,1.434
1760709531.3680487,1.635,1.454
1760709531.3735197,1.47,1.456
1760709531.3793535,1.277,1.438
1760709531.3849943,1.432,1.437
1760709531.3908234,1.626,1.456
1760709531.396663,1.477,1.458
1760709531.402099,1.281,1.44
1760709531.4079387,1.424,1.439
1760709531.4138064,1.612,1.456
1760709531.419286,1.444,1.455
1760709531.4251173,1.276,1.437
1760709531.4309525,1.416,1.435
1760709531.4368386,1.64,1.455
1760709531.4426413,1.463,1.456
1760709531.4484777,1.276,1.438
1760709531.4539037,1.369,1.431
1760709531.4593966,1.65,1.453
1760709531.4652789,1.45,1.453
1760709531.4706936,1.269,1.434
1760709531.4762712,1.361,1.427
1760709531.4817228,1.638,1.448
1760709531.4872496,1.455,1.449
1760709531.492661,1.277,1.432
1760709531.4981415,1.431,1.432
1760709531.503974,1.621,1.451
1760709531.509814,1.461,1.452
1760709531.5152647,1.274,1.434
1760709531.5209842,1.426,1.433
1760709531.5264158,1.624,1.452
1760709531.5318089,1.477,1.455
1760709531.537271,1.276,1.437
1760709531.5431025,1.456,1.439
1760709531.5489686,1.599,1.455
1760709531.5544128,1.446,1.454
1760709531.5598347,1.29,1.438
1760709531.5652888,1.393,1.433
1760709531.57062,1.61,1.451
1760709531.5759518,1.487,1.454
1760709531.581348,1.328,1.442
1760709531.5866854,1.442,1.442
1760709531.5920165,1.567,1.454
1760709531.597368,1.483,1.457
1760709531.6026988,1.306,1.442
1760709531.6080437,1.433,1.441
1760709531.6133957,1.588,1.456
1760709531.6187763,1.432,1.453
1760709531.624106,1.298,1.438
1760709531.6297421,1.455,1.44
1760709531.6351516,1.61,1.457
1760709531.6404936,1.479,1.459
1760709531.6459637,1.264,1.439
1760709531.6514294,1.431,1.439
1760709531.6567822,1.598,1.455
1760709531.6622136,1.423,1.451
1760709531.6676,1.287,1.435
1760709531.6730146,1.41,1.432
1760709531.678393,1.612,1.45
1760709531.6837692,1.424,1.448
1760709531.6891556,1.237,1.427
1760709531.6945286,1.482,1.432
1760709531.6998963,1.607,1.45
1760709531.7053096,1.48,1.453
1760709531.7107239,1.279,1.435
1760709531.7161098,1.431,1.435
1760709531.7215052,1.581,1.45
1760709531.7268963,1.424,1.447
1760709531.7322876,1.329,1.435
1760709531.73766,1.459,1.438
1760709531.742981,1.592,1.453
1760709531.7483237,1.492,1.457
1760709531.7536469,1.324,1.444
1760709531.7589757,1.467,1.446
1760709531.7643423,1.613,1.463
1760709531.7697268,1.455,1.462
1760709531.775122,1.285,1.444
1760709531.780515,1.423,1.442
1760709531.78592,1.586,1.456
1760709531.7922852,1.459,1.457
1760709531.797683,1.272,1.438
1760709531.8035007,1.435,1.438
1760709531.8088748,1.614,1.456
1760709531.81432,1.45,1.455
1760709531.819698,1.193,1.429
1760709531.8255887,1.472,1.433
1760709531.8309705,1.612,1.451
1760709531.836825,1.436,1.449
1760709531.8422635,1.304,1.435
1760709531.8481116,1.483,1.44
1760709531.85442,1.549,1.451
1760709531.8602445,1.431,1.449
1760709531.8656824,1.261,1.43
1760709531.8714359,1.472,1.434
1760709531.8769438,1.638,1.454
1760709531.8823757,1.466,1.456
1760709531.8879414,1.29,1.439
1760709531.8942316,1.447,1.44
1760709531.8996882,1.607,1.457
1760709531.9051156,1.455,1.456
1760709531.910505,1.279,1.439
1760709531.915833,1.429,1.438
1760709531.9212713,1.592,1.453
1760709531.926595,1.436,1.451
1760709531.9319193,1.274,1.434
1760709531.937296,1.457,1.436
1760709531.9426234,1.563,1.449
1760709531.9479556,1.471,1.451
1760709531.9533412,1.294,1.435
1760709531.9586823,1.432,1.435
1760709531.9640095,1.612,1.453
1760709531.969423,1.419,1.449
1760709531.9747536,1.302,1.435
1760709531.9800787,1.464,1.438
1760709531.9856906,1.586,1.452
1760709531.9914556,1.461,1.453
1760709531.9969375,1.295,1.437
1760709532.0022984,1.444,1.438
1760709532.0076535,1.623,1.457
1760709532.012978,1.48,1.459
1760709532.0182993,1.171,1.43
1760709532.0239327,1.436,1.431
1760709532.0297852,1.646,1.452
1760709532.0352852,1.472,1.454
1760709532.0417178,1.289,1.438
1760709532.0474544,1.465,1.44
1760709532.0535424,1.612,1.458
1760709532.0593462,1.443,1.456
1760709532.065226,1.217,1.432
1760709532.0707397,1.467,1.436
1760709532.0762463,1.616,1.454
1760709532.0816703,1.356,1.444
1760709532.0870957,1.275,1.427
1760709532.0929215,1.474,1.432
1760709532.0983546,1.629,1.452
1760709532.1040883,1.457,1.452
1760709532.1095355,1.281,1.435
1760709532.1153848,1.435,1.435
1760709532.1212401,1.584,1.45
1760709532.1266534,1.459,1.451
1760709532.1325355,1.288,1.435
1760709532.1383932,1.419,1.433
1760709532.1441538,1.598,1.45
1760709532.1495593,1.43,1.448
1760709532.155398,1.285,1.431
1760709532.1608267,1.468,1.435
1760709532.1662314,1.613,1.453
1760709532.1720037,1.362,1.444
1760709532.1775062,1.308,1.43
1760709532.1833568,1.418,1.429
1760709532.1892288,1.596,1.446
1760709532.1946511,1.463,1.447
1760709532.2004657,1.343,1.437
1760709532.2064092,1.511,1.444
1760709532.211832,1.616,1.461
1760709532.217276,1.457,1.461
1760709532.2226944,1.281,1.443
1760709532.2281342,1.457,1.444
1760709532.2335079,1.616,1.462
1760709532.2388532,1.447,1.46
1760709532.24418,1.282,1.442
1760709532.2495353,1.471,1.445
1760709532.2549343,1.617,1.462
1760709532.2602656,1.442,1.46
1760709532.2657242,1.289,1.443
1760709532.271049,1.369,1.436
1760709532.2765093,1.632,1.455
1760709532.2818723,1.482,1.458
1760709532.2872608,1.318,1.444
1760709532.2925835,1.437,1.443
1760709532.2979212,1.617,1.461
1760709532.3036814,1.406,1.455
1760709532.3090847,1.276,1.437
1760709532.3144119,1.471,1.441
1760709532.3197215,1.598,1.456
1760709532.325316,1.434,1.454
1760709532.3312545,1.277,1.436
1760709532.337,1.47,1.44
1760709532.3425736,1.626,1.458
1760709532.3484437,1.429,1.455
1760709532.3539019,1.237,1.434
1760709532.3592837,1.418,1.432
1760709532.3646839,1.599,1.449
1760709532.3702888,1.43,1.447
1760709532.3758845,1.268,1.429
1760709532.3813655,1.397,1.426
1760709532.386784,1.577,1.441
1760709532.3927608,1.47,1.444
1760709532.3985164,1.291,1.428
1760709532.4039242,1.431,1.429
1760709532.40976,1.607,1.447
1760709532.4154408,1.43,1.445
