timestamp,raw,filtered
1760709667.1259148,1.422,1.522
1760709667.1312807,1.346,1.505
1760709667.1366112,1.725,1.527
1760709667.141969,1.741,1.548
1760709667.1473258,1.403,1.534
1760709667.152687,1.506,1.531
1760709667.157938,1.783,1.556
1760709667.1632273,1.762,1.577
1760709667.1684456,1.339,1.553
1760709667.1738718,1.295,1.527
1760709667.1791534,1.6,1.534
1760709667.184616,1.586,1.54
1760709667.189974,1.29,1.515
1760709667.1952844,1.279,1.491
1760709667.2006114,1.625,1.505
1760709667.2059367,1.78,1.532
1760709667.2113605,1.376,1.517
1760709667.2166872,1.352,1.5
1760709667.222015,1.71,1.521
1760709667.2274022,1.689,1.538
1760709667.2332156,1.299,1.514
1760709667.2389197,1.406,1.503
1760709667.2443492,1.814,1.534
1760709667.2497668,1.745,1.555
1760709667.2553759,1.581,1.558
1760709667.261002,1.457,1.548
1760709667.2664073,1.598,1.553
1760709667.2720215,1.503,1.548
1760709667.2774777,1.055,1.499
1760709667.2828958,1.222,1.471
1760709667.2887282,1.611,1.485
1760709667.2941647,1.55,1.492
1760709667.3019087,1.178,1.46
1760709667.3077588,1.324,1.447
1760709667.3137124,1.714,1.473
1760709667.3195238,1.63,1.489
1760709667.3249323,1.263,1.466
1760709667.3308465,1.32,1.452
1760709667.3366709,1.708,1.477
1760709667.3425195,1.893,1.519
1760709667.3483467,1.351,1.502
1760709667.3539743,1.56,1.508
1760709667.359359,1.853,1.542
1760709667.365236,1.679,1.556
1760709667.3710635,1.173,1.518
1760709667.37689,1.272,1.493
1760709667.3822975,1.608,1.505
1760709667.3881238,1.488,1.503
1760709667.3935614,1.139,1.467
1760709667.3989768,1.33,1.453
1760709667.4043229,1.665,1.474
1760709667.409862,1.581,1.485
1760709667.4151886,1.225,1.459
1760709667.420579,1.285,1.442
1760709667.425984,1.602,1.458
1760709667.4313934,1.674,1.479
1760709667.4370196,1.367,1.468
1760709667.4425259,1.434,1.465
1760709667.4483519,1.757,1.494
1760709667.4539623,1.56,1.5
1760709667.4593284,1.49,1.499
1760709667.4645846,1.289,1.478
1760709667.4699707,1.574,1.488
1760709667.4757974,1.835,1.523
1760709667.4812806,1.32,1.502
1760709667.4871235,1.285,1.481
1760709667.492961,1.894,1.522
1760709667.4983988,1.575,1.527
1760709667.503862,1.397,1.514
1760709667.509482,1.486,1.511
1760709667.5148945,1.612,1.521
1760709667.520306,1.56,1.525
1760709667.52597,1.168,1.49
1760709667.5313938,1.208,1.461
1760709667.5368056,1.603,1.476
1760709667.5422237,1.608,1.489
1760709667.5481355,1.291,1.469
1760709667.5539844,1.388,1.461
1760709667.559379,1.596,1.474
1760709667.5648444,1.626,1.49
1760709667.5702324,1.095,1.45
1760709667.5756652,1.673,1.472
1760709667.5810857,1.853,1.511
1760709667.5865507,1.627,1.522
1760709667.5919883,1.408,1.511
1760709667.5974553,1.35,1.495
1760709667.6027997,1.726,1.518
1760709667.6081426,1.563,1.522
1760709667.6135826,1.483,1.518
1760709667.6189125,1.427,1.509
1760709667.6242428,1.681,1.526
1760709667.6297386,1.654,1.539
1760709667.6350675,1.302,1.515
1760709667.640401,1.298,1.494
1760709667.6457274,1.62,1.506
1760709667.6510692,1.456,1.501
1760709667.656413,1.371,1.488
1760709667.6617723,1.392,1.479
1760709667.6671875,1.594,1.49
1760709667.6727946,1.484,1.49
1760709667.6782296,1.2,1.461
1760709667.6840596,1.289,1.444
1760709667.68973,1.513,1.45
1760709667.6951556,1.505,1.456
1760709667.7009854,1.272,1.438
1760709667.7068284,1.231,1.417
1760709667.712251,1.564,1.432
1760709667.7179582,1.505,1.439
1760709667.723568,1.193,1.414
1760709667.7295852,1.288,1.402
1760709667.735426,1.724,1.434
1760709667.7412896,1.614,1.452
1760709667.7472446,1.455,1.452
1760709667.7530816,1.279,1.435
1760709667.7589195,1.64,1.455
1760709667.7647533,1.611,1.471
1760709667.7701497,1.276,1.451
1760709667.77598,1.297,1.436
1760709667.7815886,1.665,1.459
1760709667.7874148,1.475,1.46
1760709667.7932956,1.383,1.453
1760709667.7989364,1.427,1.45
1760709667.804413,1.698,1.475
1760709667.8098717,1.555,1.483
1760709667.815795,1.381,1.473
1760709667.8216357,1.363,1.462
1760709667.8274739,1.655,1.481
1760709667.8334801,1.52,1.485
1760709667.8393745,1.297,1.466
1760709667.844811,1.346,1.454
1760709667.8501973,1.49,1.458
1760709667.8556101,1.542,1.466
1760709667.8610353,1.171,1.437
1760709667.8664489,1.354,1.428
1760709667.8719225,1.588,1.444
1760709667.877779,1.623,1.462
1760709667.8832548,1.288,1.445
1760709667.8890805,1.301,1.43
1760709667.894598,1.638,1.451
1760709667.9004543,1.638,1.47
1760709667.9082773,1.218,1.445
1760709667.9136996,1.38,1.438
1760709667.9190366,1.56,1.45
1760709667.9243653,1.479,1.453
1760709667.9297495,1.213,1.429
1760709667.9350808,1.324,1.419
1760709667.940415,1.586,1.435
1760709667.945754,1.498,1.442
1760709667.9510849,1.197,1.417
1760709667.9564202,1.252,1.401
1760709667.9617898,1.505,1.411
1760709667.9671628,1.409,1.411
1760709667.9724894,1.103,1.38
1760709667.9778132,1.199,1.362
1760709667.983213,1.595,1.385
1760709667.9888391,1.523,1.399
1760709667.9942517,1.165,1.376
1760709667.999633,1.253,1.363
1760709668.0050304,1.573,1.384
1760709668.0103843,1.543,1.4
1760709668.0158005,1.199,1.38
1760709668.0211277,1.205,1.363
1760709668.0265982,1.604,1.387
1760709668.032553,1.59,1.407
1760709668.0379798,1.314,1.398
1760709668.0438108,1.401,1.398
1760709668.0496821,1.674,1.426
1760709668.0554974,1.539,1.437
1760709668.0609813,1.266,1.42
1760709668.0664852,1.363,1.414
1760709668.072315,1.664,1.439
1760709668.0779738,1.522,1.448
1760709668.0838087,1.198,1.423
1760709668.0896757,1.363,1.417
1760709668.0950918,1.68,1.443
1760709668.100503,1.455,1.444
1760709668.1059177,0.982,1.398
1760709668.1113377,1.301,1.388
1760709668.116759,1.716,1.421
1760709668.1221843,1.601,1.439
1760709668.1280167,1.267,1.422
1760709668.1338718,1.368,1.416
1760709668.1397161,1.625,1.437
1760709668.1453736,1.543,1.448
1760709668.151219,1.22,1.425
1760709668.1570518,1.342,1.417
1760709668.1624646,1.625,1.438
1760709668.167885,1.498,1.444
1760709668.173336,1.226,1.422
1760709668.1787527,1.297,1.409
1760709668.1844687,1.607,1.429
1760709668.1898704,1.504,1.437
1760709668.1957464,1.087,1.402
1760709668.2015977,1.26,1.387
1760709668.2074258,1.586,1.407
1760709668.212902,1.457,1.412
1760709668.2183738,1.041,1.375
1760709668.2237997,1.123,1.35
1760709668.2297702,1.463,1.361
1760709668.2356067,1.335,1.358
1760709668.241049,1.024,1.325
1760709668.2468808,1.225,1.315
1760709668.2527134,1.633,1.347
1760709668.258556,1.559,1.368
1760709668.2643936,1.298,1.361
1760709668.2698145,1.447,1.37
1760709668.2756526,1.91,1.424
1760709668.281107,1.785,1.46
1760709668.2865226,1.429,1.457
1760709668.2919605,1.552,1.466
1760709668.2978294,1.859,1.506
1760709668.3036797,1.804,1.535
1760709668.309532,1.488,1.531
1760709668.3154595,1.646,1.542
1760709668.32146,1.961,1.584
1760709668.3272963,1.844,1.61
1760709668.333131,1.51,1.6
1760709668.3389637,1.59,1.599
1760709668.344403,2.04,1.643
1760709668.3498218,1.73,1.652
1760709668.3553355,1.564,1.643
1760709668.3608475,1.742,1.653
1760709668.3662584,1.865,1.674
1760709668.3720884,1.741,1.681
1760709668.377954,1.553,1.668
1760709668.383789,1.621,1.663
1760709668.3895164,1.807,1.678
1760709668.3948545,1.687,1.679
1760709668.4001992,1.569,1.668
1760709668.4055657,1.648,1.666
1760709668.4110441,1.774,1.676
1760709668.416356,1.681,1.677
1760709668.422028,1.497,1.659
1760709668.4278638,1.548,1.648
1760709668.4338207,1.693,1.652
1760709668.4395678,1.591,1.646
1760709668.4450014,1.401,1.622
1760709668.4505002,1.449,1.604
1760709668.4563336,1.588,1.603
1760709668.4620738,1.451,1.588
1760709668.467505,1.237,1.552
1760709668.47296,1.276,1.525
1760709668.4788,1.559,1.528
1760709668.4842257,1.479,1.523
1760709668.4896865,1.289,1.5
1760709668.4953692,1.372,1.487
1760709668.5009918,1.401,1.479
1760709668.506822,1.351,1.466
1760709668.5122366,1.194,1.439
1760709668.5178404,1.483,1.443
1760709668.5232816,1.506,1.449
1760709668.5291166,1.434,1.448
1760709668.5345397,1.214,1.424
1760709668.540089,1.437,1.426
1760709668.5455308,1.608,1.444
1760709668.551363,1.167,1.416
1760709668.5572312,1.439,1.419
1760709668.562873,0.878,1.365
1760709668.5687113,1.534,1.382
1760709668.5741887,1.355,1.379
1760709668.5800216,1.302,1.371
1760709668.585872,1.542,1.388
1760709668.5917125,1.632,1.413
1760709668.5973368,1.496,1.421
1760709668.6027737,1.28,1.407
1760709668.6082063,1.289,1.395
1760709668.6139724,1.54,1.41
1760709668.619454,1.443,1.413
1760709668.6253135,1.235,1.395
1760709668.6307318,1.31,1.387
1760709668.6365147,1.613,1.409
1760709668.6419294,1.423,1.411
1760709668.6477644,1.293,1.399
1760709668.653638,1.394,1.398
1760709668.65911,1.536,1.412
1760709668.6649783,1.41,1.412
1760709668.6703107,1.26,1.397
1760709668.675641,1.372,1.394
1760709668.6813333,1.564,1.411
1760709668.686665,1.463,1.416
1760709668.6919966,1.256,1.4
1760709668.697382,1.376,1.398
1760709668.702709,1.551,1.413
1760709668.7080414,1.446,1.416
1760709668.7134047,1.194,1.394
1760709668.718734,1.354,1.39
1760709668.724065,1.658,1.417
1760709668.7298124,1.419,1.417
1760709668.7351446,1.201,1.395
1760709668.7404764,1.405,1.396
1760709668.7458642,1.514,1.408
1760709668.7511916,1.376,1.405
1760709668.7565248,1.164,1.381
1760709668.7618663,1.422,1.385
1760709668.7671962,1.57,1.403
1760709668.7725246,1.522,1.415
1760709668.777836,1.314,1.405
1760709668.7835999,1.405,1.405
1760709668.7896183,1.564,1.421
1760709668.7948623,1.43,1.422
1760709668.800431,1.121,1.392
1760709668.8057625,1.284,1.381
1760709668.811391,1.633,1.406
1760709668.8168194,1.596,1.425
1760709668.8226457,1.301,1.413
1760709668.8285918,1.301,1.402
1760709668.8340268,1.663,1.428
1760709668.839856,1.497,1.435
1760709668.8455732,1.636,1.512
1760709668.851202,1.538,1.515
1760709668.8570325,1.538,1.515
1760709668.8629496,1.538,1.515
1760709668.8684247,1.538,1.515
1760709668.8738444,1.538,1.515
1760709668.8796742,1.538,1.515
1760709668.8851125,1.538,1.515
1760709668.8905203,1.538,1.515
1760709668.8959944,1.538,1.515
1760709668.901841,1.538,1.515
1760709668.9076748,1.538,1.515
1760709668.91308,1.538,1.515
1760709668.918412,1.538,1.515
1760709668.923742,1.538,1.515
1760709668.9290717,1.538,1.515
1760709668.9344003,1.538,1.515
1760709668.939698,1.538,1.515
1760709668.9450321,1.538,1.515
1760709668.950362,1.538,1.515
1760709668.9556978,1.538,1.515
1760709668.9610927,1.475,1.511
1760709668.9664676,1.475,1.511
1760709668.9718459,1.475,1.511
1760709668.977358,1.475,1.511
1760709668.9827604,1.475,1.511
1760709668.9883947,1.475,1.511
1760709668.9940605,1.475,1.511
1760709668.9994743,1.475,1.511
1760709669.0049124,1.475,1.511
1760709669.0102475,1.475,1.511
1760709669.015551,1.475,1.511
1760709669.0211596,1.475,1.511
1760709669.0269885,1.475,1.511
1760709669.0329342,1.475,1.511
1760709669.038874,1.475,1.511
1760709669.0447457,1.475,1.511
1760709669.0502717,1.475,1.511
1760709669.0556934,1.475,1.511
1760709669.0611224,1.475,1.511
1760709669.0665367,1.475,1.511
1760709669.0723789,1.475,1.511
1760709669.0777771,1.475,1.511
1760709669.0832045,1.475,1.511
1760709669.0890443,1.475,1.511
1760709669.0944996,1.475,1.511
1760709669.1004224,1.475,1.511
1760709669.105833,1.475,1.511
1760709669.1116028,1.475,1.511
1760709669.1170394,1.475,1.511
1760709669.1224806,1.475,1.511
1760709669.1283164,1.475,1.511
1760709669.1339693,1.475,1.511
1760709669.1394098,1.475,1.511
1760709669.1452394,1.475,1.511
1760709669.1507237,1.475,1.511
1760709669.1561263,1.475,1.511
1760709669.1615553,1.475,1.511
1760709669.166977,1.475,1.511
1760709669.1725855,1.475,1.511
1760709669.1780117,1.475,1.511
1760709669.1836286,1.475,1.511
1760709669.1892903,1.475,1.511
1760709669.194926,1.475,1.511
1760709669.2004008,1.475,1.511
1760709669.2058084,1.475,1.511
1760709669.211246,1.475,1.511
1760709669.216867,1.475,1.511
1760709669.2222905,1.475,1.511
1760709669.2279055,1.475,1.511
1760709669.2335236,1.475,1.511
1760709669.2393904,1.475,1.511
1760709669.2449079,1.475,1.511
1760709669.2504013,1.475,1.511
1760709669.2561474,1.475,1.511
1760709669.2617106,1.475,1.511
1760709669.267325,1.475,1.511
1760709669.2731268,1.475,1.511
1760709669.278974,1.475,1.511
1760709669.2847493,1.475,1.511
1760709669.2901888,1.475,1.511
1760709669.2956204,1.475,1.511
1760709669.3015406,1.475,1.511
1760709669.3073723,1.475,1.511
1760709669.3132613,1.475,1.511
1760709669.3189843,1.475,1.511
1760709669.3248303,1.475,1.511
1760709669.3304317,1.475,1.511
1760709669.3358524,1.475,1.511
1760709669.341674,1.475,1.511
1760709669.347503,1.475,1.511
1760709669.353377,1.475,1.511
1760709669.359206,1.475,1.511
1760709669.365054,1.475,1.511
1760709669.3706737,1.475,1.511
1760709669.3765647,1.475,1.511
1760709669.3819923,1.475,1.511
1760709669.3878288,1.475,1.511
1760709669.393291,1.475,1.511
1760709669.3986309,1.475,1.511
1760709669.4039648,1.475,1.511
1760709669.4095352,1.475,1.511
1760709669.4149404,1.475,1.511
1760709669.4202745,1.475,1.511
1760709669.4256864,1.475,1.511
1760709669.431135,1.475,1.511
1760709669.4365687,1.475,1.511
1760709669.4419713,1.475,1.511
1760709669.447802,1.475,1.511
1760709669.4536498,1.475,1.511
1760709669.4594798,1.475,1.511
1760709669.464938,1.475,1.511
1760709669.4703772,1.475,1.511
1760709669.4758027,1.475,1.511
1760709669.4812884,1.475,1.511
1760709669.4871967,1.475,1.511
1760709669.4930382,1.475,1.511
1760709669.4984794,1.475,1.511
1760709669.5043695,1.475,1.511
1760709669.5097997,1.475,1.511
1760709669.5155659,1.475,1.511
1760709669.5215316,1.475,1.511
1760709669.52737,1.475,1.511
1760709669.5332375,1.475,1.511
1760709669.5390828,1.475,1.511
1760709669.544731,1.475,1.511
1760709669.550161,1.475,1.511
1760709669.5555837,1.475,1.511
1760709669.56101,1.475,1.511
1760709669.5664206,1.475,1.511
1760709669.5722532,1.475,1.511
1760709669.5779796,1.475,1.511
1760709669.5838172,1.475,1.511
1760709669.5892918,1.475,1.511
1760709669.5947592,1.475,1.511
1760709669.6002057,1.475,1.511
1760709669.6056275,1.475,1.511
1760709669.6110802,1.475,1.511
1760709669.61698,1.475,1.511
1760709669.622815,1.475,1.511
1760709669.6286528,1.475,1.511
1760709669.6340978,1.475,1.511
1760709669.6395686,1.475,1.511
1760709669.6449964,1.475,1.511
1760709669.6504052,1.475,1.511
1760709669.6558762,1.475,1.511
1760709669.6613333,1.475,1.511
1760709669.6668255,1.475,1.511
1760709669.672367,1.475,1.511
1760709669.6779792,1.475,1.511
1760709669.683815,1.475,1.511
1760709669.6896713,1.475,1.511
1760709669.6951988,1.475,1.511
1760709669.7010403,1.475,1.511
1760709669.7068806,1.475,1.511
1760709669.7123227,1.475,1.511
1760709669.7178085,1.475,1.511
1760709669.723273,1.475,1.511
1760709669.7291148,1.475,1.511
1760709669.7349482,1.475,1.511
1760709669.7403746,1.475,1.511
1760709669.745812,1.475,1.511
1760709669.7516518,1.475,1.511
1760709669.7576299,1.475,1.511
1760709669.763057,1.475,1.511
1760709669.7684634,1.475,1.511
1760709669.7738018,1.475,1.511
1760709669.7791321,1.475,1.511
1760709669.7845685,1.475,1.511
1760709669.7899826,1.475,1.511
1760709669.7954059,1.475,1.511
1760709669.8009186,1.475,1.511
1760709669.806329,1.475,1.511
1760709669.8117423,1.475,1.511
1760709669.8171635,1.475,1.511
1760709669.8226545,1.475,1.511
1760709669.8284917,1.475,1.511
1760709669.8339813,1.475,1.511
1760709669.8394253,1.475,1.511
1760709669.8452284,1.475,1.511
1760709669.850707,1.475,1.511
1760709669.8565354,1.475,1.511
1760709669.8619556,1.475,1.511
1760709669.867409,1.475,1.511
1760709669.8732822,1.475,1.511
1760709669.8791244,1.475,1.511
1760709669.8845599,1.475,1.511
1760709669.8904057,1.475,1.511
1760709669.8962424,1.475,1.511
1760709669.901689,1.475,1.511
1760709669.9075258,1.475,1.511
1760709669.9129484,1.475,1.511
1760709669.9182842,1.475,1.511
1760709669.9236162,1.475,1.511
1760709669.9289474,1.475,1.511
1760709669.9342797,1.475,1.511
1760709669.9396133,1.475,1.511
1760709669.944943,1.475,1.511
1760709669.9502716,1.475,1.511
1760709669.955605,1.475,1.511
1760709669.9609368,1.475,1.511
1760709669.9662745,1.475,1.511
1760709669.971716,1.475,1.511
1760709669.9770951,1.475,1.511
1760709669.9824688,1.475,1.511
1760709669.9879344,1.475,1.511
1760709669.9934344,1.475,1.511
1760709669.998697,1.475,1.511
1760709670.0042005,1.475,1.511
1760709670.009673,1.475,1.511
1760709670.0151477,1.475,1.511
1760709670.0205753,1.475,1.511
1760709670.025989,1.475,1.511
1760709670.0313346,1.475,1.511
1760709670.0366807,1.475,1.511
1760709670.042009,1.475,1.511
1760709670.047357,1.475,1.511
1760709670.052686,1.475,1.511
1760709670.0580113,1.475,1.511
1760709670.0633404,1.475,1.511
1760709670.0686686,1.475,1.511
1760709670.0740063,1.475,1.511
1760709670.0793355,1.475,1.511
1760709670.084951,1.475,1.511
1760709670.0903032,1.475,1.511
1760709670.0956335,1.475,1.511
1760709670.1009653,1.475,1.511
1760709670.1062963,1.475,1.511
1760709670.1116292,1.475,1.511
1760709670.1169765,1.475,1.511
1760709670.122309,1.475,1.511
1760709670.1276417,1.475,1.511
1760709670.1329706,1.475,1.511
1760709670.1383028,1.475,1.511
1760709670.1436331,1.475,1.511
1760709670.1489654,1.475,1.511
1760709670.1542933,1.475,1.511
1760709670.1596217,1.475,1.511
1760709670.164953,1.475,1.511
1760709670.1702943,1.475,1.511
1760709670.1756268,1.475,1.511
1760709670.1814532,1.475,1.511
1760709670.1867824,1.475,1.511
1760709670.1921117,1.475,1.511
1760709670.197447,1.475,1.511
1760709670.2027764,1.475,1.514
1760709670.2081032,1.549,1.518
1760709670.21344,1.446,1.51
1760709670.2187922,1.411,1.5
1760709670.2241244,1.419,1.492
1760709670.229465,1.555,1.499
1760709670.2347956,1.501,1.499
1760709670.2401838,1.4,1.489
1760709670.2455447,1.345,1.474
1760709670.2508745,1.494,1.476
1760709670.2562015,1.401,1.469
1760709670.2615485,1.322,1.454
1760709670.2669737,1.38,1.447
1760709670.27236,1.498,1.452
1760709670.2777255,1.453,1.452
1760709670.2830715,1.343,1.441
1760709670.2884085,1.405,1.437
1760709670.2938178,1.459,1.44
1760709670.2992308,1.447,1.44
1760709670.304644,1.469,1.443
1760709670.3100421,1.481,1.447
1760709670.3154423,1.535,1.456
1760709670.320856,1.565,1.467
1760709670.3262734,1.495,1.47
1760709670.3317087,1.571,1.48
1760709670.3371177,1.596,1.491
1760709670.342529,1.508,1.493
1760709670.3479385,1.419,1.486
1760709670.3535278,1.447,1.482
1760709670.3588529,1.47,1.481
1760709670.364179,1.376,1.47
1760709670.3695145,1.328,1.456
1760709670.3748453,1.506,1.461
1760709670.380203,1.587,1.473
1760709670.3855503,1.581,1.484
1760709670.3908813,1.483,1.484
1760709670.3962884,1.509,1.487
1760709670.4017053,1.513,1.489
1760709670.4071333,1.453,1.486
1760709670.4124808,1.405,1.478
1760709670.417808,1.479,1.478
1760709670.4231398,1.53,1.483
1760709670.42848,1.469,1.481
1760709670.4338195,1.293,1.463
1760709670.4391577,1.369,1.453
1760709670.4444706,1.449,1.453
1760709670.449803,1.346,1.442
1760709670.4551597,1.361,1.434
1760709670.460461,1.434,1.434
1760709670.4658177,1.483,1.439
1760709670.4711723,1.446,1.44
1760709670.4765003,1.355,1.431
1760709670.481858,1.488,1.437
1760709670.4871857,1.513,1.444
1760709670.4925132,1.436,1.444
1760709670.4978418,1.37,1.436
1760709670.50317,1.405,1.433
1760709670.5085256,1.393,1.429
1760709670.513854,1.376,1.424
1760709670.5191784,1.35,1.416
1760709670.524504,1.392,1.414
1760709670.5298429,1.33,1.405
1760709670.5351744,1.388,1.404
1760709670.540503,1.423,1.406
1760709670.5458312,1.397,1.405
1760709670.5511625,1.505,1.415
1760709670.5564923,1.388,1.412
1760709670.5618227,1.303,1.401
1760709670.5671563,1.405,1.402
1760709670.5724874,1.462,1.408
1760709670.5778174,1.359,1.403
1760709670.5831444,1.255,1.388
1760709670.588477,1.372,1.386
1760709670.5938094,1.527,1.4
1760709670.5991404,1.39,1.399
1760709670.6044695,1.381,1.398
1760709670.6097994,1.496,1.407
1760709670.615182,1.586,1.425
1760709670.6205118,1.459,1.429
1760709670.6258514,1.372,1.423
1760709670.6311557,1.48,1.429
1760709670.636488,1.488,1.435
1760709670.6418183,1.345,1.426
1760709670.6471484,1.339,1.417
1760709670.6524806,1.349,1.41
1760709670.6578305,1.342,1.403
1760709670.6631596,1.35,1.398
1760709670.66848,1.276,1.386
1760709670.6738513,1.289,1.376
1760709670.679179,1.326,1.371
1760709670.6845098,1.335,1.368
1760709670.6898372,1.229,1.354
1760709670.6951654,1.436,1.362
1760709670.7004926,1.542,1.38
1760709670.7058182,1.508,1.393
1760709670.7111487,1.588,1.412
1760709670.7164452,1.476,1.419
1760709670.721775,1.51,1.428
1760709670.7270992,1.483,1.433
1760709670.7324262,1.354,1.425
1760709670.7377553,1.375,1.42
1760709670.743082,1.545,1.433
1760709670.7484179,1.543,1.444
1760709670.753762,1.481,1.448
1760709670.7590883,1.65,1.468
1760709670.7644176,1.592,1.48
1760709670.7698524,1.522,1.484
1760709670.7751825,1.524,1.488
1760709670.7805195,1.62,1.501
1760709670.7858489,1.716,1.523
1760709670.7911797,1.682,1.539
1760709670.7965097,1.632,1.548
1760709670.8018432,1.579,1.551
1760709670.8071759,1.59,1.555
1760709670.8125072,1.567,1.556
1760709670.8178859,1.511,1.552
1760709670.823197,1.566,1.553
1760709670.828416,1.612,1.559
1760709670.833631,1.555,1.559
1760709670.8388443,1.492,1.552
1760709670.8440607,1.503,1.547
1760709670.8493073,1.534,1.546
1760709670.8546495,1.584,1.55
1760709670.8599808,1.44,1.539
1760709670.8654134,1.569,1.542
1760709670.8707335,1.721,1.56
1760709670.8760993,1.626,1.566
1760709670.8814068,1.527,1.562
1760709670.8867307,1.542,1.56
1760709670.8920557,1.582,1.562
1760709670.8973932,1.448,1.551
1760709670.9027157,1.276,1.524
1760709670.908036,1.302,1.501
1760709670.913378,1.339,1.485
1760709670.9187028,1.169,1.454
1760709670.9240317,1.032,1.411
1760709670.929667,1.237,1.394
1760709670.9350193,1.391,1.394
1760709670.940346,1.466,1.401
1760709670.9457777,1.51,1.412
1760709670.9511235,1.598,1.43
1760709670.956469,1.642,1.452
1760709670.9618025,1.543,1.461
1760709670.9671252,1.539,1.469
1760709670.972511,1.637,1.485
1760709670.9778757,1.614,1.498
1760709670.9831965,1.429,1.491
1760709670.9885185,1.332,1.475
1760709670.9938424,1.395,1.467
1760709670.9991674,1.405,1.461
1760709671.0044923,1.405,1.456
1760709671.009823,1.207,1.431
1760709671.0151672,1.319,1.42
1760709671.0204892,1.729,1.45
1760709671.0258434,2.13,1.518
1760709671.0312219,1.818,1.548
1760709671.0365489,1.79,1.573
1760709671.0418737,1.617,1.577
1760709671.0471947,1.443,1.564
1760709671.0525208,1.427,1.55
1760709671.0579503,1.459,1.541
1760709671.063277,1.569,1.544
1760709671.0686047,1.513,1.541
1760709671.0739274,1.436,1.53
1760709671.0792732,1.475,1.525
1760709671.084601,1.501,1.522
1760709671.0899274,1.392,1.509
1760709671.0952508,1.31,1.489
1760709671.1005862,1.363,1.477
1760709671.1059954,1.358,1.465
1760709671.111336,1.261,1.444
1760709671.116689,1.173,1.417
1760709671.1220124,1.321,1.408
1760709671.1273396,1.448,1.412
1760709671.1326673,1.276,1.398
1760709671.137992,1.355,1.394
1760709671.1433206,1.53,1.407
1760709671.148695,1.55,1.422
1760709671.15408,1.459,1.426
1760709671.1594107,1.349,1.418
1760709671.1647735,1.351,1.411
1760709671.1701062,1.441,1.414
1760709671.1754348,1.405,1.413
1760709671.1807592,1.364,1.408
1760709671.186087,1.426,1.41
1760709671.1914148,1.469,1.416
1760709671.1967437,1.406,1.415
1760709671.2020779,1.354,1.409
1760709671.2074006,1.458,1.414
1760709671.2127306,1.54,1.426
1760709671.2180588,1.422,1.426
1760709671.2233868,1.377,1.421
1760709671.2287142,1.393,1.418
1760709671.2340164,1.361,1.413
1760709671.2393463,1.381,1.409
1760709671.2446752,1.391,1.408
1760709671.2499866,1.459,1.413
1760709671.2552936,1.506,1.422
1760709671.2606337,1.401,1.42
1760709671.2659972,1.372,1.415
1760709671.2714045,1.476,1.421
1760709671.2766078,1.51,1.43
1760709671.2819443,1.418,1.429
1760709671.287275,1.286,1.415
1760709671.2926004,1.148,1.388
1760709671.2979407,1.342,1.383
1760709671.3032672,1.195,1.365
1760709671.3086128,1.152,1.343
1760709671.3139417,1.147,1.324
1760709671.319394,1.277,1.319
1760709671.324726,1.285,1.316
1760709671.3300564,1.268,1.311
1760709671.3353837,1.323,1.312
1760709671.3408115,1.39,1.32
1760709671.3461409,1.384,1.326
1760709671.3514678,1.207,1.314
1760709671.3567977,1.203,1.303
1760709671.3621259,1.232,1.296
1760709671.367466,1.214,1.288
1760709671.3728142,1.208,1.28
1760709671.378143,1.298,1.282
1760709671.3834713,1.322,1.286
1760709671.388772,1.331,1.29
1760709671.3941066,1.289,1.29
1760709671.3995223,1.27,1.288
1760709671.4048626,1.483,1.308
1760709671.4101903,1.38,1.315
1760709671.41552,1.368,1.32
1760709671.420846,1.563,1.344
1760709671.426176,1.527,1.363
1760709671.4315064,1.448,1.371
1760709671.4368348,1.336,1.368
1760709671.4421628,1.358,1.367
1760709671.447492,1.358,1.366
1760709671.452826,1.213,1.351
1760709671.4581516,1.199,1.335
1760709671.4634795,1.293,1.331
1760709671.468807,1.476,1.346
1760709671.4741516,1.403,1.351
1760709671.4794793,1.261,1.342
1760709671.4849946,1.559,1.364
1760709671.4903316,1.553,1.383
1760709671.4956613,1.44,1.389
1760709671.50099,1.362,1.386
1760709671.5063186,1.35,1.382
1760709671.5116496,1.509,1.395
1760709671.5169816,1.397,1.395
1760709671.5223095,1.405,1.396
1760709671.5276406,1.277,1.384
1760709671.532967,1.396,1.385
1760709671.5382984,1.472,1.394
1760709671.54363,1.429,1.398
1760709671.548958,1.354,1.393
1760709671.554565,1.43,1.397
1760709671.5599005,1.48,1.405
1760709671.5655608,1.388,1.404
1760709671.5709565,1.524,1.416
1760709671.576304,1.633,1.437
1760709671.5816407,1.576,1.451
1760709671.586985,1.443,1.45
1760709671.5923436,1.47,1.452
1760709671.5977182,1.468,1.454
1760709671.603103,1.306,1.439
1760709671.6084785,1.271,1.422
1760709671.6138966,1.341,1.414
1760709671.6192515,1.48,1.421
1760709671.624605,1.455,1.424
1760709671.62993,1.379,1.42
1760709671.635308,1.568,1.434
1760709671.6406543,1.589,1.45
1760709671.645986,1.638,1.469
1760709671.651411,1.549,1.477
1760709671.6568413,1.388,1.468
1760709671.6620924,1.498,1.471
1760709671.6675067,1.406,1.464
1760709671.6729014,1.271,1.445
1760709671.6782966,1.414,1.442
1760709671.683687,1.459,1.444
1760709671.689092,1.405,1.44
1760709671.694477,1.398,1.436
1760709671.699894,1.561,1.448
1760709671.7052958,1.701,1.474
1760709671.7106786,1.641,1.49
1760709671.7160628,1.59,1.5
1760709671.7214696,1.571,1.507
1760709671.726859,1.475,1.504
1760709671.7322443,1.452,1.499
1760709671.7376275,1.494,1.498
1760709671.7430308,1.527,1.501
1760709671.7483685,1.457,1.497
1760709671.7537599,1.383,1.485
1760709671.759093,1.332,1.47
1760709671.7644653,1.425,1.466
1760709671.7699068,1.487,1.468
1760709671.7753475,1.476,1.468
1760709671.7807207,1.491,1.471
1760709671.7860568,1.675,1.491
1760709671.7918715,1.759,1.518
1760709671.7976584,1.638,1.53
1760709671.8034236,1.505,1.527
1760709671.8090506,1.53,1.528
1760709671.8148339,1.522,1.527
1760709671.8203058,1.488,1.523
1760709671.8258486,1.377,1.509
1760709671.8312004,1.418,1.5
1760709671.836607,1.451,1.495
1760709671.841984,1.402,1.486
1760709671.8477345,1.355,1.473
1760709671.8537807,1.459,1.471
1760709671.8595726,1.579,1.482
1760709671.8649664,1.421,1.476
1760709671.8704152,1.367,1.465
1760709671.8758001,1.509,1.469
1760709671.881209,1.56,1.478
1760709671.8869596,1.498,1.48
1760709671.8924532,1.506,1.483
1760709671.8978903,1.482,1.483
1760709671.903647,1.385,1.473
1760709671.9094143,1.292,1.455
1760709671.9147449,1.273,1.437
1760709671.920076,1.351,1.428
1760709671.9254189,1.396,1.425
1760709671.9308054,1.431,1.426
1760709671.9361348,1.393,1.422
1760709671.9414823,1.456,1.426
1760709671.946814,1.492,1.432
1760709671.9521458,1.381,1.427
1760709671.9575052,1.328,1.417
1760709671.9628534,1.435,1.419
1760709671.9681768,1.616,1.439
1760709671.973591,1.537,1.449
1760709671.9789622,1.431,1.447
1760709671.9843576,1.366,1.439
1760709671.9897168,1.466,1.441
1760709671.995114,1.417,1.439
1760709672.0004985,1.405,1.436
1760709672.0058217,1.419,1.434
1760709672.0111496,1.421,1.433
1760709672.0164888,1.346,1.424
1760709672.0218403,1.415,1.423
1760709672.027597,1.38,1.419
1760709672.032984,1.499,1.427
1760709672.0383933,1.491,1.433
1760709672.0441537,1.466,1.436
1760709672.0495667,1.535,1.446
1760709672.0552828,1.575,1.459
1760709672.0610125,1.401,1.453
1760709672.066391,1.426,1.451
1760709672.0721474,1.519,1.457
1760709672.0779703,1.716,1.483
1760709672.08374,1.488,1.484
1760709672.0896044,1.474,1.483
1760709672.095092,1.561,1.491
1760709672.1009972,1.53,1.495
1760709672.1065078,1.429,1.488
1760709672.1120608,1.344,1.474
1760709672.1174722,1.358,1.462
1760709672.123236,1.403,1.456
1760709672.1297145,1.347,1.445
1760709672.1351657,1.299,1.431
1760709672.1405618,1.335,1.421
1760709672.1459699,1.494,1.428
1760709672.1519256,1.372,1.423
1760709672.157715,1.122,1.393
1760709672.1634772,1.424,1.396
1760709672.168885,1.405,1.397
1760709672.1747217,1.426,1.4
1760709672.1804938,1.485,1.408
1760709672.1859386,1.557,1.423
1760709672.1918066,1.506,1.431
1760709672.1972914,1.397,1.428
1760709672.2030864,1.409,1.426
1760709672.2084699,1.483,1.432
1760709672.2138927,1.535,1.442
1760709672.2192883,1.481,1.446
1760709672.2250507,1.477,1.449
1760709672.2309678,1.501,1.454
1760709672.2363718,1.504,1.459
1760709672.2424612,1.38,1.451
1760709672.2482238,1.423,1.448
1760709672.254464,1.496,1.453
1760709672.25999,1.431,1.451
1760709672.2654526,1.38,1.444
1760709672.2708771,1.431,1.443
1760709672.2767098,1.444,1.443
1760709672.282123,1.495,1.448
1760709672.2879589,1.431,1.446
1760709672.293798,1.423,1.444
1760709672.2993336,1.539,1.453
1760709672.3051677,1.601,1.468
1760709672.3105984,1.501,1.472
1760709672.316033,1.347,1.459
1760709672.3218763,1.35,1.448
1760709672.327712,1.434,1.447
1760709672.3335588,1.447,1.447
1760709672.339395,1.419,1.444
1760709672.3448374,1.372,1.437
1760709672.3502643,1.517,1.445
1760709672.3557541,1.406,1.441
1760709672.3613496,1.423,1.439
1760709672.3673284,1.483,1.444
1760709672.373162,1.573,1.456
1760709672.378867,1.493,1.46
1760709672.3847106,1.441,1.458
1760709672.390585,1.628,1.475
1760709672.3960114,1.782,1.506
1760709672.4013686,1.65,1.52
1760709672.406764,1.597,1.528
1760709672.4125805,1.766,1.552
1760709672.4180074,1.772,1.574
1760709672.4242067,1.426,1.559
1760709672.429975,1.55,1.558
1760709672.435394,1.562,1.558
1760709672.4407291,1.521,1.555
1760709672.446532,1.372,1.536
1760709672.452364,1.48,1.531
1760709672.4579587,1.716,1.549
1760709672.46379,1.596,1.554
1760709672.46914,1.485,1.547
1760709672.4743986,1.535,1.546
1760709672.479793,1.705,1.562
1760709672.485234,1.612,1.567
1760709672.4906273,1.522,1.562
1760709672.4959567,1.462,1.552
1760709672.501813,1.595,1.557
1760709672.5076501,1.545,1.555
1760709672.513519,1.472,1.547
1760709672.5189397,1.401,1.533
1760709672.5243654,1.483,1.528
1760709672.5299687,1.582,1.533
1760709672.5355046,1.463,1.526
1760709672.5413702,1.505,1.524
1760709672.5472076,1.534,1.525
1760709672.5530431,1.845,1.557
1760709672.558958,1.733,1.574
1760709672.5647893,1.678,1.585
1760709672.5705793,1.708,1.597
1760709672.5760622,1.694,1.607
1760709672.5814972,1.636,1.61
1760709672.5873358,1.59,1.608
1760709672.5931728,1.646,1.611
1760709672.5986142,1.632,1.613
1760709672.6046062,1.571,1.609
1760709672.6102507,1.477,1.596
1760709672.6160884,1.529,1.589
1760709672.6219313,1.483,1.579
1760709672.6277726,1.508,1.572
1760709672.633616,1.581,1.573
1760709672.63945,1.758,1.591
1760709672.6449842,1.645,1.596
1760709672.6504023,1.617,1.599
1760709672.655864,1.656,1.604
1760709672.6613352,1.741,1.618
1760709672.6671665,1.702,1.626
1760709672.6730008,1.643,1.628
1760709672.6788378,1.638,1.629
1760709672.6846783,1.569,1.623
1760709672.6901274,1.606,1.621
1760709672.6955655,1.58,1.617
1760709672.701422,1.513,1.607
1760709672.707255,1.62,1.608
1760709672.7132287,1.697,1.617
1760709672.7188134,1.572,1.612
1760709672.7246497,1.659,1.617
1760709672.73011,1.663,1.622
1760709672.7356372,1.601,1.62
1760709672.7410755,1.549,1.613
1760709672.7469087,1.584,1.61
1760709672.752742,1.688,1.618
1760709672.7581844,1.682,1.624
1760709672.7640178,1.619,1.623
1760709672.7697861,1.546,1.616
1760709672.7756226,1.65,1.619
1760709672.7811124,1.668,1.624
1760709672.7867365,1.598,1.621
1760709672.792706,1.577,1.617
1760709672.7981231,1.663,1.622
1760709672.8039565,1.708,1.63
1760709672.80941,1.612,1.628
1760709672.8148413,1.546,1.62
1760709672.8206751,1.782,1.636
1760709672.8261752,1.78,1.651
1760709672.8316553,1.775,1.663
1760709672.837513,1.603,1.657
1760709672.8433478,1.534,1.645
1760709672.8492088,1.74,1.654
1760709672.8550594,1.624,1.651
1760709672.860897,1.729,1.659
1760709672.8663251,1.75,1.668
1760709672.872155,1.687,1.67
1760709672.8779635,1.535,1.656
1760709672.8838003,1.56,1.647
1760709672.889476,1.647,1.647
1760709672.8952029,1.719,1.654
1760709672.9010844,1.704,1.659
1760709672.906923,1.614,1.655
1760709672.9123409,1.824,1.672
1760709672.9176753,1.745,1.679
1760709672.9230053,1.648,1.676
1760709672.9283373,1.669,1.675
1760709672.9336703,1.741,1.682
1760709672.9390023,1.683,1.682
1760709672.9443314,1.517,1.665
1760709672.9496846,1.481,1.647
1760709672.955018,1.501,1.632
1760709672.9603562,1.534,1.623
1760709672.965693,1.434,1.604
1760709672.9710739,1.522,1.596
1760709672.9764037,1.613,1.597
1760709672.9817362,1.577,1.595
1760709672.9872894,1.538,1.59
1760709672.9927006,1.689,1.6
1760709672.9981868,1.732,1.613
1760709673.0036278,1.702,1.622
1760709673.0089524,1.688,1.628
1760709673.0142848,1.696,1.635
1760709673.0196235,1.801,1.652
1760709673.0255013,1.712,1.658
1760709673.0309432,1.534,1.645
1760709673.0367718,1.663,1.647
1760709673.0421858,1.689,1.651
1760709673.0480287,1.613,1.648
1760709673.0539546,1.519,1.635
1760709673.0597186,1.508,1.622
1760709673.0651495,1.501,1.61
1760709673.0709827,1.474,1.596
1760709673.0768163,1.513,1.588
1760709673.082254,1.457,1.575
1760709673.0881095,1.649,1.582
1760709673.0935707,1.712,1.595
1760709673.098885,1.593,1.595
1760709673.1042397,1.289,1.564
1760709673.1096265,1.573,1.565
1760709673.1150534,1.509,1.56
1760709673.1203313,1.457,1.549
1760709673.1256585,1.382,1.533
1760709673.130986,1.479,1.527
1760709673.1363828,1.496,1.524
1760709673.1417096,1.33,1.505
1760709673.147035,1.388,1.493
1760709673.1523633,1.53,1.497
1760709673.1576898,1.689,1.516
1760709673.1633706,1.534,1.518
1760709673.1688008,1.606,1.527
1760709673.1742442,1.513,1.525
1760709673.1800783,1.56,1.529
1760709673.1855314,1.485,1.524
1760709673.1913674,1.417,1.514
1760709673.1972432,1.483,1.511
1760709673.2030814,1.498,1.509
1760709673.2090032,1.359,1.494
1760709673.214856,1.362,1.481
1760709673.220604,1.449,1.478
1760709673.2260299,1.517,1.482
1760709673.2314832,1.406,1.474
1760709673.237533,1.487,1.476
1760709673.242947,1.717,1.5
1760709673.2484717,1.696,1.519
1760709673.2539806,1.597,1.527
1760709673.2596567,1.581,1.533
1760709673.265082,1.575,1.537
1760709673.2704947,1.499,1.533
1760709673.2759774,1.457,1.525
1760709673.281522,1.439,1.517
1760709673.2869382,1.536,1.519
1760709673.292819,1.481,1.515
1760709673.2982738,1.304,1.494
1760709673.303718,1.373,1.482
1760709673.3095822,1.461,1.48
1760709673.315001,1.468,1.479
1760709673.3205411,1.476,1.478
1760709673.3259888,1.482,1.479
1760709673.3314235,1.574,1.488
1760709673.3373075,1.629,1.502
1760709673.343194,1.577,1.51
1760709673.3490317,1.543,1.513
1760709673.3548887,1.574,1.519
1760709673.3604152,1.517,1.519
1760709673.3658943,1.369,1.504
1760709673.3717294,1.372,1.491
1760709673.3775725,1.384,1.48
1760709673.38341,1.421,1.474
1760709673.389284,1.308,1.458
1760709673.39475,1.356,1.447
1760709673.4001381,1.457,1.448
1760709673.4055161,1.509,1.454
1760709673.4108505,1.431,1.452
1760709673.4163249,1.599,1.467
1760709673.4217458,1.61,1.481
1760709673.4275725,1.624,1.495
1760709673.433003,1.558,1.502
1760709673.4384415,1.469,1.498
1760709673.4442723,1.527,1.501
1760709673.4496992,1.513,1.502
1760709673.4554682,1.316,1.484
1760709673.4613414,1.32,1.467
1760709673.4668164,1.276,1.448
1760709673.4726517,1.295,1.433
1760709673.4780939,1.275,1.417
1760709673.4839237,1.427,1.418
1760709673.4893606,1.529,1.429
1760709673.4948213,1.526,1.439
1760709673.5002673,1.276,1.423
1760709673.5056593,1.472,1.427
1760709673.5112553,1.6,1.445
1760709673.5170949,1.708,1.471
1760709673.5229332,1.611,1.485
1760709673.528771,1.588,1.495
1760709673.53419,1.582,1.504
1760709673.539676,1.535,1.507
1760709673.5450997,1.263,1.483
1760709673.5506573,1.121,1.446
1760709673.556072,1.314,1.433
1760709673.5615294,1.372,1.427
1760709673.5669546,1.218,1.406
1760709673.5728037,1.268,1.392
1760709673.5782568,1.441,1.397
1760709673.584125,1.463,1.404
1760709673.5895567,1.411,1.404
1760709673.595012,1.398,1.404
1760709673.6004355,1.439,1.407
1760709673.6063666,1.624,1.429
1760709673.611896,1.566,1.443
1760709673.6174042,1.627,1.461
1760709673.623237,1.766,1.492
1760709673.629071,1.758,1.518
1760709673.6345155,1.586,1.525
1760709673.6400282,1.237,1.345
1760709673.6455278,1.33,1.344
1760709673.6510377,1.225,1.332
1760709673.6568737,1.225,1.332
1760709673.662706,1.225,1.332
1760709673.6683292,1.225,1.332
1760709673.6737561,1.225,1.332
1760709673.6793852,1.225,1.332
1760709673.6848187,1.225,1.332
1760709673.6907253,1.225,1.332
1760709673.696555,1.225,1.332
1760709673.7019954,1.225,1.332
1760709673.7078288,1.225,1.332
1760709673.713669,1.225,1.332
1760709673.7191045,1.225,1.332
1760709673.7249336,1.225,1.332
1760709673.7308419,1.225,1.332
1760709673.7366717,1.225,1.332
1760709673.7421765,1.225,1.332
1760709673.7480066,1.3,1.32
1760709673.753885,1.366,1.324
1760709673.759264,1.328,1.325
1760709673.765117,1.266,1.319
1760709673.770549,1.229,1.31
1760709673.7759714,1.41,1.32
1760709673.7814393,1.148,1.303
1760709673.7872684,1.147,1.287
1760709673.7930965,1.336,1.292
1760709673.798546,1.287,1.291
1760709673.8043847,1.142,1.277
1760709673.8099303,1.045,1.253
1760709673.8153567,1.181,1.246
1760709673.8207762,1.237,1.245
1760709673.8266125,1.237,1.244
1760709673.8320446,1.237,1.244
1760709673.8378801,1.317,1.251
1760709673.843713,1.369,1.263
1760709673.8491364,1.352,1.272
1760709673.8550048,1.07,1.252
1760709673.8604665,1.193,1.246
1760709673.865884,1.348,1.256
1760709673.8717177,1.32,1.262
1760709673.8775609,1.192,1.255
1760709673.8833895,1.334,1.263
1760709673.8892694,1.416,1.278
1760709673.894713,1.382,1.289
1760709673.9006884,1.31,1.291
1760709673.9065213,1.333,1.295
1760709673.91203,1.406,1.306
1760709673.917512,1.41,1.317
1760709673.922842,1.272,1.312
1760709673.9281704,1.328,1.314
1760709673.9334695,1.323,1.315
1760709673.9387984,1.39,1.322
1760709673.9441297,1.203,1.31
1760709673.9495819,1.293,1.309
1760709673.954911,1.467,1.324
1760709673.9602444,1.347,1.327
1760709673.9656522,1.225,1.317
1760709673.9710221,1.295,1.314
1760709673.9763606,1.384,1.321
1760709673.9817028,1.349,1.324
1760709673.9870346,1.254,1.317
1760709673.992365,1.324,1.318
1760709673.9976914,1.437,1.33
1760709674.0030403,1.297,1.326
1760709674.0083902,1.237,1.317
1760709674.0137298,1.305,1.316
1760709674.0190613,1.38,1.323
1760709674.0248713,1.321,1.322
1760709674.0302954,1.203,1.311
1760709674.0356276,1.324,1.312
1760709674.0411065,1.469,1.328
1760709674.046938,1.405,1.335
1760709674.0527718,1.302,1.332
1760709674.0581858,1.363,1.335
1760709674.064021,1.483,1.35
1760709674.0697002,1.394,1.354
1760709674.0751941,1.305,1.349
1760709674.0807765,1.38,1.352
1760709674.086203,1.438,1.361
1760709674.0916293,1.364,1.361
1760709674.0976095,1.285,1.354
1760709674.10303,1.388,1.357
1760709674.1088943,1.457,1.367
1760709674.1143131,1.397,1.37
1760709674.1197395,1.305,1.364
1760709674.1252224,1.38,1.365
1760709674.130854,1.453,1.374
1760709674.136761,1.405,1.377
1760709674.142175,1.317,1.371
1760709674.1480074,1.415,1.376
1760709674.1534688,1.476,1.386
1760709674.1588807,1.407,1.388
1760709674.1647215,1.324,1.381
1760709674.1701288,1.38,1.381
1760709674.1759362,1.453,1.388
1760709674.1814044,1.372,1.387
1760709674.1871412,1.292,1.377
1760709674.192971,1.385,1.378
1760709674.1984098,1.467,1.387
1760709674.2038496,1.407,1.389
1760709674.2093203,1.319,1.382
1760709674.214747,1.372,1.381
1760709674.2206664,1.409,1.384
1760709674.2265332,1.457,1.391
1760709674.2319877,1.392,1.391
1760709674.2378178,1.417,1.394
1760709674.2436476,1.409,1.395
1760709674.2495098,1.253,1.381
1760709674.2551723,1.132,1.356
1760709674.261015,1.272,1.348
1760709674.2664359,1.333,1.346
1760709674.272266,1.278,1.339
1760709674.277965,1.281,1.334
1760709674.283799,1.044,1.305
1760709674.289233,1.673,1.341
1760709674.2946572,1.638,1.371
1760709674.3000731,1.44,1.378
1760709674.3055158,1.431,1.383
1760709674.3109977,1.638,1.409
1760709674.3164203,1.676,1.435
1760709674.3219686,1.626,1.455
1760709674.3278022,1.671,1.476
1760709674.3336587,1.739,1.502
1760709674.3395026,1.543,1.507
1760709674.3452868,1.431,1.499
1760709674.351135,1.484,1.498
1760709674.3569698,1.559,1.504
1760709674.3624456,1.461,1.499
1760709674.367866,1.341,1.484
1760709674.3736372,1.153,1.451
1760709674.3790698,1.468,1.452
1760709674.384591,1.509,1.458
1760709674.390004,1.7,1.482
1760709674.3954253,2.135,1.547
1760709674.4007862,2.209,1.614
1760709674.406118,1.87,1.639
1760709674.4114537,1.673,1.643
1760709674.4169273,1.612,1.639
1760709674.422262,1.662,1.642
1760709674.4277596,1.392,1.617
1760709674.4332204,1.181,1.573
1760709674.439056,1.091,1.525
1760709674.4448702,1.11,1.483
1760709674.4503386,1.169,1.452
1760709674.4561665,1.122,1.419
1760709674.4615738,1.233,1.4
1760709674.4674168,1.484,1.409
1760709674.4733078,1.359,1.404
1760709674.4791455,1.433,1.407
1760709674.4845688,1.783,1.444
1760709674.489992,1.818,1.482
1760709674.495428,1.605,1.494
1760709674.5012982,1.289,1.474
1760709674.5071301,1.237,1.45
1760709674.5129597,1.237,1.429
1760709674.518376,1.227,1.408
1760709674.523819,1.142,1.382
1760709674.5296626,1.252,1.369
1760709674.5350761,1.443,1.376
1760709674.5409195,1.44,1.383
1760709674.5468736,1.221,1.366
1760709674.5527067,1.454,1.375
1760709674.5581255,1.443,1.382
1760709674.5634503,1.512,1.395
1760709674.5688436,1.461,1.402
1760709674.5741699,1.534,1.415
1760709674.5797849,1.509,1.424
1760709674.5852585,1.385,1.42
1760709674.5907292,1.201,1.398
1760709674.5961385,1.144,1.373
1760709674.6019769,1.35,1.371
1760709674.6078112,1.226,1.356
1760709674.6136696,1.177,1.338
1760709674.6190898,1.348,1.339
1760709674.6249704,1.423,1.348
1760709674.6308625,1.38,1.351
1760709674.6363907,1.073,1.323
1760709674.641906,1.518,1.343
1760709674.6477427,1.36,1.344
1760709674.6535838,1.328,1.343
1760709674.6590073,1.149,1.323
1760709674.6648467,1.375,1.328
1760709674.6703374,1.453,1.341
1760709674.6757767,1.32,1.339
1760709674.681241,1.16,1.321
1760709674.6870763,1.148,1.304
1760709674.692909,1.237,1.297
1760709674.6983476,1.23,1.29
1760709674.7041886,1.173,1.279
1760709674.7096758,1.237,1.274
1760709674.7151856,1.359,1.283
1760709674.7206087,1.237,1.278
1760709674.726447,1.148,1.265
1760709674.7318826,1.188,1.257
1760709674.7377234,1.362,1.268
1760709674.7435555,1.289,1.27
1760709674.7489886,1.237,1.267
1760709674.754417,1.364,1.276
1760709674.7601366,1.419,1.291
1760709674.765572,1.321,1.294
1760709674.7714076,1.3,1.294
1760709674.7773268,1.327,1.298
1760709674.783281,1.445,1.312
1760709674.789117,1.347,1.316
1760709674.7945452,1.233,1.307
1760709674.799974,1.344,1.311
1760709674.805589,1.318,1.312
1760709674.810921,1.347,1.315
1760709674.816344,1.237,1.307
1760709674.8217583,1.356,1.312
1760709674.8275926,1.31,1.312
1760709674.8336177,1.405,1.321
1760709674.838961,1.455,1.335
1760709674.8446915,1.38,1.339
1760709674.8500996,1.733,1.379
1760709674.8555508,1.561,1.397
1760709674.861058,1.508,1.408
1760709674.8668845,1.787,1.446
1760709674.8727252,1.781,1.479
1760709674.878426,1.662,1.498
1760709674.8842537,1.354,1.483
1760709674.8898942,1.423,1.477
1760709674.895338,1.354,1.465
1760709674.9011726,1.237,1.442
1760709674.9070308,1.198,1.418
1760709674.9124491,1.302,1.406
1760709674.9177852,1.431,1.409
1760709674.9231167,1.34,1.402
1760709674.928445,1.191,1.381
1760709674.9337456,1.351,1.378
1760709674.9390755,1.586,1.399
1760709674.9444065,1.592,1.418
1760709674.9498832,1.356,1.412
1760709674.955218,1.337,1.404
1760709674.9608192,1.513,1.415
1760709674.9661636,1.398,1.413
1760709674.9714882,1.171,1.389
1760709674.9768147,1.274,1.378
1760709674.9821413,1.317,1.372
1760709674.9879303,1.199,1.354
1760709674.9935443,1.139,1.333
1760709674.9989524,1.156,1.315
1760709675.0043797,1.153,1.299
1760709675.009709,1.235,1.293
1760709675.015127,0.98,1.261
1760709675.0204756,1.237,1.259
1760709675.0258064,1.586,1.292
1760709675.0312197,1.397,1.302
1760709675.036654,1.305,1.302
1760709675.0421352,1.45,1.317
1760709675.0477486,1.519,1.337
1760709675.0535362,1.368,1.34
1760709675.0590355,1.255,1.332
1760709675.0647676,1.185,1.317
1760709675.0700967,1.263,1.312
1760709675.0757089,1.173,1.298
1760709675.0810928,1.224,1.29
1760709675.086514,1.348,1.296
1760709675.0919356,1.421,1.309
1760709675.0978768,1.237,1.302
1760709675.1037118,1.172,1.289
1760709675.109142,1.523,1.312
1760709675.1145997,1.486,1.329
1760709675.1200178,1.481,1.345
1760709675.1254942,1.163,1.326
1760709675.13091,1.38,1.332
1760709675.1367097,1.53,1.352
1760709675.1423454,1.418,1.358
1760709675.1481776,1.317,1.354
1760709675.153703,1.256,1.344
1760709675.1594894,1.333,1.343
1760709675.1649132,1.195,1.328
1760709675.170543,1.139,1.309
1760709675.1763802,1.272,1.306
1760709675.1818051,1.237,1.299
1760709675.1877644,1.299,1.299
1760709675.1936092,1.453,1.314
1760709675.1990051,1.53,1.336
1760709675.2044926,1.462,1.348
1760709675.209906,1.441,1.358
1760709675.2153418,1.566,1.378
1760709675.2213385,1.525,1.393
1760709675.2271698,1.572,1.411
1760709675.2330015,1.449,1.415
1760709675.2388346,1.354,1.409
1760709675.2446854,1.367,1.405
1760709675.2501104,1.367,1.401
1760709675.2555606,1.276,1.388
1760709675.2610416,1.275,1.377
1760709675.2664742,1.375,1.377
1760709675.272311,1.354,1.374
1760709675.2779737,1.356,1.373
1760709675.2838001,1.349,1.37
1760709675.2895749,1.38,1.371
1760709675.2949977,1.532,1.387
1760709675.3008852,1.404,1.389
1760709675.3062978,1.365,1.387
1760709675.3117383,1.332,1.381
1760709675.3171651,1.792,1.422
1760709675.3227222,1.638,1.444
1760709675.3285515,1.633,1.463
1760709675.3339689,1.424,1.459
1760709675.3393948,1.513,1.464
1760709675.3450754,1.237,1.441
1760709675.3509045,1.372,1.435
1760709675.3567324,1.38,1.429
1760709675.3621435,1.504,1.437
1760709675.3677466,1.344,1.427
1760709675.373176,1.231,1.408
1760709675.3790429,1.323,1.399
1760709675.3847833,1.297,1.389
1760709675.3902068,1.301,1.38
1760709675.3956795,1.153,1.358
1760709675.401104,1.586,1.38
1760709675.4064538,1.546,1.397
1760709675.4122605,1.484,1.406
1760709675.4176683,1.551,1.42
1760709675.4231026,1.646,1.443
1760709675.4289405,1.749,1.473
1760709675.4343636,1.53,1.479
1760709675.439795,1.522,1.483
1760709675.4452405,1.41,1.476
1760709675.4510717,1.443,1.473
1760709675.4565005,1.256,1.451
1760709675.4623923,1.117,1.418
1760709675.4678304,1.23,1.399
1760709675.4734447,1.292,1.388
1760709675.4792805,1.237,1.373
1760709675.484923,1.205,1.356
1760709675.490807,1.306,1.351
1760709675.496646,1.4,1.356
1760709675.5020862,1.313,1.352
1760709675.5076573,1.345,1.351
1760709675.513081,1.56,1.372
1760709675.5184972,1.616,1.396
1760709675.5239391,1.614,1.418
1760709675.5297987,1.577,1.434
1760709675.5352292,1.693,1.46
1760709675.5406473,1.438,1.458
1760709675.5464754,1.358,1.448
1760709675.5523074,1.198,1.423
1760709675.5577848,1.261,1.407
1760709675.563216,1.343,1.4
1760709675.5685565,1.276,1.388
1760709675.5738864,1.177,1.367
1760709675.5792172,1.306,1.361
1760709675.5845478,1.584,1.383
1760709675.5900433,1.487,1.393
1760709675.5953777,1.474,1.401
1760709675.600713,1.586,1.42
1760709675.6060472,1.638,1.442
1760709675.6113946,1.509,1.448
1760709675.6167426,1.371,1.441
1760709675.6220713,1.501,1.447
1760709675.6274016,1.339,1.436
1760709675.632736,1.388,1.431
1760709675.6381135,1.423,1.43
1760709675.6434104,1.197,1.407
1760709675.648867,1.237,1.39
1760709675.6542735,1.326,1.384
1760709675.659757,1.333,1.379
1760709675.6653712,1.418,1.383
1760709675.6707122,1.455,1.39
1760709675.6765463,1.408,1.392
1760709675.6819682,1.331,1.386
1760709675.6878014,1.322,1.379
1760709675.6934946,1.599,1.401
1760709675.6993687,1.533,1.414
1760709675.7048123,1.445,1.417
1760709675.7102249,1.56,1.432
1760709675.7160535,1.709,1.459
1760709675.7219005,1.594,1.473
1760709675.7277339,1.599,1.485
1760709675.7335808,1.632,1.5
1760709675.7394178,1.378,1.488
1760709675.7448559,1.326,1.472
1760709675.7502942,1.501,1.475
1760709675.7557027,1.164,1.444
1760709675.7612216,1.525,1.452
1760709675.767183,1.285,1.435
1760709675.7730176,1.311,1.423
1760709675.7788568,1.38,1.419
1760709675.7844572,1.666,1.443
1760709675.7899644,1.678,1.467
1760709675.7957387,1.565,1.477
1760709675.8016539,1.689,1.498
1760709675.8074934,1.692,1.517
1760709675.8134873,1.562,1.522
1760709675.8189673,1.478,1.517
1760709675.824804,1.457,1.511
1760709675.8302224,1.411,1.501
1760709675.8356917,1.302,1.481
1760709675.8411734,1.096,1.443
1760709675.8470461,1.289,1.427
1760709675.852874,1.421,1.427
1760709675.8582926,1.416,1.426
1760709675.8641229,1.281,1.411
1760709675.869631,1.403,1.41
1760709675.875191,1.535,1.423
1760709675.8810472,1.405,1.421
1760709675.8864586,1.362,1.415
1760709675.8918674,1.372,1.411
1760709675.897692,1.804,1.45
1760709675.9047225,1.867,1.492
1760709675.9101498,1.593,1.502
1760709675.9154606,1.398,1.492
1760709675.9207933,1.237,1.466
1760709675.9261212,1.171,1.437
1760709675.9314919,1.197,1.413
1760709675.9368231,1.292,1.401
1760709675.9421551,1.354,1.396
1760709675.9474845,1.261,1.382
1760709675.9528177,1.163,1.36
1760709675.95815,1.442,1.369
1760709675.9635568,1.521,1.384
1760709675.9689019,1.319,1.377
1760709675.9742274,1.319,1.372
1760709675.9799392,1.536,1.388
1760709675.9853945,1.351,1.384
1760709675.991226,1.497,1.396
1760709675.9970489,1.666,1.423
1760709676.0024552,1.543,1.435
1760709676.0077846,1.466,1.438
1760709676.0134208,1.313,1.425
1760709676.0188272,1.173,1.4
1760709676.0241933,1.237,1.384
1760709676.029999,1.264,1.372
1760709676.0353942,1.227,1.357
1760709676.0412846,1.132,1.335
1760709676.0471153,1.272,1.328
1760709676.052993,1.35,1.331
1760709676.0584104,1.392,1.337
1760709676.064244,1.38,1.341
1760709676.069679,1.375,1.344
1760709676.0751,1.558,1.366
1760709676.0809684,1.41,1.37
1760709676.0863962,1.509,1.384
1760709676.091895,1.476,1.393
1760709676.097751,1.6,1.414
1760709676.1035826,1.488,1.421
1760709676.1092865,1.355,1.415
1760709676.1150186,1.617,1.435
1760709676.1208448,1.562,1.447
1760709676.126724,1.237,1.426
1760709676.1325574,1.252,1.409
1760709676.138519,1.314,1.399
1760709676.1443572,1.38,1.397
1760709676.1497908,1.288,1.387
1760709676.1551952,1.234,1.371
1760709676.161157,1.39,1.373
1760709676.167177,1.31,1.367
1760709676.173023,1.286,1.359
1760709676.1788554,1.352,1.358
1760709676.1844525,1.338,1.356
1760709676.1899705,1.359,1.356
1760709676.1957724,1.453,1.366
1760709676.2016153,1.563,1.386
1760709676.2074614,1.447,1.392
1760709676.2134383,1.506,1.403
1760709676.219338,1.316,1.395
1760709676.2247725,1.281,1.383
1760709676.2302213,1.663,1.411
1760709676.2361646,1.501,1.42
1760709676.2419689,1.234,1.402
1760709676.2477965,1.229,1.384
1760709676.2536552,1.331,1.379
1760709676.2592952,1.398,1.381
1760709676.2648118,1.315,1.374
1760709676.2706695,1.198,1.357
1760709676.2761252,1.437,1.365
1760709676.2815745,1.516,1.38
1760709676.287262,1.431,1.385
1760709676.2928035,1.335,1.38
1760709676.298277,1.509,1.393
1760709676.3041625,1.479,1.402
1760709676.309546,1.484,1.41
1760709676.314978,1.431,1.412
1760709676.3203876,1.483,1.419
1760709676.3259747,1.465,1.424
1760709676.3314471,1.343,1.415
1760709676.3370981,1.285,1.402
1760709676.3429327,1.313,1.393
1760709676.348796,1.364,1.391
1760709676.3547008,1.31,1.382
1760709676.3603642,1.282,1.372
1760709676.3658068,1.351,1.37
1760709676.3716393,1.237,1.357
1760709676.3775113,1.197,1.341
1760709676.3833437,1.227,1.33
1760709676.3892395,1.362,1.333
1760709676.394794,1.553,1.355
1760709676.4002066,1.457,1.365
1760709676.4055374,1.174,1.346
1760709676.410871,1.491,1.36
1760709676.4162858,1.496,1.374
1760709676.4219778,1.572,1.394
1760709676.427803,1.496,1.404
1760709676.4336371,1.669,1.431
1760709676.4394786,1.426,1.43
1760709676.444879,1.318,1.419
1760709676.4507103,1.226,1.4
1760709676.4565437,1.286,1.388
1760709676.4620042,1.253,1.375
1760709676.4674213,1.302,1.367
1760709676.4732878,1.224,1.353
1760709676.4791288,1.417,1.36
1760709676.4848752,1.414,1.365
1760709676.4907806,1.34,1.362
1760709676.4962502,1.266,1.353
1760709676.5019746,1.366,1.354
1760709676.5078042,1.479,1.367
1760709676.513648,1.6,1.39
1760709676.5190902,1.509,1.402
1760709676.5248482,1.422,1.404
1760709676.5308006,1.681,1.432
1760709676.536628,1.705,1.459
1760709676.5424263,1.43,1.456
1760709676.5482557,1.745,1.485
1760709676.5538898,1.516,1.488
1760709676.5593717,1.339,1.473
1760709676.5649862,1.304,1.456
1760709676.5704293,1.396,1.45
1760709676.5758998,1.385,1.444
1760709676.5813844,1.272,1.427
1760709676.587322,1.22,1.406
1760709676.5927663,1.364,1.402
1760709676.5982037,1.418,1.403
1760709676.6040456,1.34,1.397
1760709676.6095693,1.483,1.406
1760709676.614992,1.569,1.422
1760709676.6205068,1.711,1.451
1760709676.6259224,1.527,1.458
1760709676.631394,1.501,1.463
1760709676.6372836,1.69,1.485
1760709676.6431181,1.741,1.511
1760709676.6486044,1.777,1.538
1760709676.654046,1.394,1.523
1760709676.6594882,1.513,1.522
1760709676.6649704,1.428,1.513
1760709676.6704001,1.3,1.492
1760709676.6762319,1.148,1.457
1760709676.6816468,1.237,1.435
1760709676.687476,1.277,1.419
1760709676.693338,1.329,1.41
1760709676.698755,1.326,1.402
1760709676.7044816,1.384,1.4
1760709676.7098906,1.455,1.406
1760709676.7155297,1.512,1.416
1760709676.7213857,1.467,1.421
1760709676.7272155,1.672,1.446
1760709676.732708,1.78,1.48
1760709676.7385206,1.548,1.487
1760709676.7443962,1.808,1.519
1760709676.7498136,1.955,1.562
1760709676.755246,1.534,1.559
1760709676.7611632,1.382,1.542
1760709676.767024,1.384,1.526
1760709676.772859,1.439,1.517
1760709676.778699,1.493,1.515
1760709676.784539,1.276,1.491
1760709676.7905192,1.21,1.463
1760709676.7963514,1.365,1.453
1760709676.8019605,1.457,1.453
1760709676.8077874,1.353,1.443
1760709676.8136208,1.393,1.438
1760709676.8191996,1.507,1.445
1760709676.8248477,1.685,1.469
1760709676.830796,1.675,1.49
1760709676.8366208,1.53,1.494
1760709676.8420427,1.737,1.518
1760709676.8474631,1.783,1.545
1760709676.8529978,1.472,1.537
1760709676.8583324,1.625,1.546
1760709676.8641613,1.861,1.578
1760709676.8695946,1.492,1.569
1760709676.8750234,1.681,1.58
1760709676.880863,1.557,1.578
1760709676.88634,1.348,1.555
1760709676.8922868,1.336,1.533
1760709676.8977115,1.198,1.5
1760709676.903547,1.127,1.462
1760709676.9089694,1.254,1.441
1760709676.9144037,1.429,1.44
1760709676.9197357,1.351,1.431
1760709676.9250672,1.358,1.424
1760709676.9304285,1.559,1.437
1760709676.935806,1.774,1.471
1760709676.9411337,1.585,1.482
1760709676.9464767,1.672,1.501
1760709676.9518082,1.663,1.518
1760709676.9571476,1.626,1.528
1760709676.9624767,1.65,1.541
1760709676.9677827,1.689,1.555
1760709676.973128,1.919,1.592
1760709676.978461,1.923,1.625
1760709676.9838557,1.777,1.64
1760709676.9892726,1.421,1.618
1760709676.9946783,1.473,1.604
1760709677.000012,1.483,1.592
1760709677.0053658,1.272,1.56
1760709677.0106912,1.173,1.521
1760709677.0160644,1.179,1.487
1760709677.0214162,1.252,1.463
1760709677.0267425,1.275,1.444
1760709677.0321066,1.199,1.42
1760709677.0374556,1.384,1.416
1760709677.0431426,1.687,1.443
1760709677.0488799,1.634,1.462
1760709677.0546985,1.58,1.474
1760709677.0603082,1.589,1.486
1760709677.0657372,1.932,1.53
1760709677.071463,1.617,1.539
1760709677.077121,1.586,1.544
1760709677.083004,1.689,1.558
1760709677.0888724,1.986,1.601
1760709677.094449,1.625,1.603
1760709677.099945,1.465,1.59
1760709677.1053915,1.508,1.581
1760709677.1109374,1.48,1.571
1760709677.1163523,1.345,1.549
1760709677.121977,1.278,1.522
1760709677.1278083,1.306,1.5
1760709677.1336412,1.379,1.488
1760709677.1394784,1.31,1.47
1760709677.144931,1.354,1.458
1760709677.1504636,1.566,1.469
1760709677.1563811,1.563,1.479
1760709677.16188,1.521,1.483
1760709677.1674783,1.646,1.499
1760709677.1733723,1.891,1.538
1760709677.1792083,1.813,1.566
1760709677.1848855,1.553,1.565
1760709677.1903024,1.354,1.543
1760709677.1958106,2.03,1.592
1760709677.2016551,2.09,1.642
1760709677.2074993,1.8,1.658
1760709677.213375,1.463,1.638
1760709677.2191942,1.323,1.607
1760709677.2248657,1.217,1.568
1760709677.230277,1.225,1.533
1760709677.236142,1.308,1.511
1760709677.2419708,1.424,1.502
1760709677.2478006,1.492,1.501
1760709677.2536743,1.48,1.499
1760709677.2592962,1.369,1.486
1760709677.2649226,1.524,1.49
1760709677.270755,1.551,1.496
1760709677.2766302,1.396,1.486
1760709677.2821243,1.517,1.489
1760709677.287953,1.715,1.512
1760709677.2938116,1.804,1.541
1760709677.2992327,1.484,1.535
1760709677.3046238,1.562,1.538
1760709677.3105266,1.824,1.566
1760709677.316023,2.148,1.625
1760709677.3218708,1.567,1.619
1760709677.327712,1.505,1.608
1760709677.3335617,1.385,1.585
1760709677.3392608,1.321,1.559
1760709677.344718,1.091,1.512
1760709677.3505511,1.354,1.496
1760709677.3563764,1.555,1.502
1760709677.361822,1.587,1.511
1760709677.3674688,1.534,1.513
1760709677.3733506,1.434,1.505
1760709677.3791888,1.51,1.506
1760709677.3846226,1.662,1.521
1760709677.3900368,1.604,1.53
1760709677.3954408,1.479,1.524
1760709677.4009085,1.588,1.531
1760709677.4062393,1.671,1.545
1760709677.4121473,1.496,1.54
1760709677.4175766,1.826,1.569
1760709677.4229932,1.4,1.552
1760709677.4288268,1.726,1.569
1760709677.4343007,1.917,1.604
1760709677.439898,1.622,1.606
1760709677.4454195,1.431,1.588
1760709677.4513235,1.466,1.576
1760709677.4567325,1.33,1.552
1760709677.4625654,1.381,1.535
1760709677.4683921,1.496,1.531
1760709677.4738762,1.53,1.531
1760709677.479719,1.511,1.529
1760709677.4851358,1.334,1.509
1760709677.490548,1.492,1.507
1760709677.4964764,1.561,1.513
1760709677.5019617,1.548,1.516
1760709677.5077896,1.54,1.519
1760709677.5136268,1.545,1.521
1760709677.5190437,1.521,1.521
1760709677.5246124,1.616,1.531
1760709677.5300322,1.608,1.538
1760709677.5358648,1.669,1.551
1760709677.5413394,1.752,1.571
1760709677.5471642,1.661,1.58
1760709677.552999,1.405,1.563
1760709677.5588617,1.478,1.554
1760709677.564701,1.459,1.545
1760709677.570175,1.403,1.531
1760709677.5758731,1.329,1.51
1760709677.5814397,1.431,1.503
1760709677.587274,1.473,1.5
1760709677.593115,1.455,1.495
1760709677.598563,1.433,1.489
1760709677.6040237,1.449,1.485
1760709677.6095154,1.622,1.499
1760709677.614961,1.569,1.506
1760709677.6208184,1.572,1.512
1760709677.6263053,1.592,1.52
1760709677.631784,1.559,1.524
1760709677.6372244,1.563,1.528
1760709677.6426387,1.492,1.524
1760709677.6484709,1.549,1.527
1760709677.653978,1.458,1.52
1760709677.6596599,1.779,1.546
1760709677.6650808,1.335,1.525
1760709677.6704736,1.56,1.528
1760709677.6761672,1.484,1.524
1760709677.6815782,1.285,1.5
1760709677.6874094,1.458,1.496
1760709677.693293,1.51,1.497
1760709677.6987202,1.483,1.496
1760709677.7042556,1.405,1.487
1760709677.7097187,1.359,1.474
1760709677.715144,1.431,1.47
1760709677.7210684,1.439,1.467
1760709677.7269022,1.333,1.453
1760709677.732735,1.364,1.444
1760709677.7382212,1.527,1.453
1760709677.744059,1.506,1.458
1760709677.7497056,1.466,1.459
1760709677.755156,1.434,1.456
1760709677.7609842,1.426,1.453
1760709677.7664676,1.487,1.457
1760709677.7723033,1.454,1.456
1760709677.7779617,1.444,1.455
1760709677.7837946,1.758,1.485
1760709677.789643,1.638,1.501
1760709677.7950895,1.617,1.512
1760709677.8009193,1.616,1.523
1760709677.8067224,1.604,1.531
1760709677.8125536,1.616,1.539
1760709677.8179727,1.48,1.533
1760709677.8234541,1.401,1.52
1760709677.8293228,1.364,1.504
1760709677.8348837,1.26,1.48
1760709677.840711,1.221,1.454
1760709677.8461225,1.256,1.434
1760709677.851952,1.388,1.43
1760709677.8578405,1.458,1.432
1760709677.8636668,1.426,1.432
1760709677.8690886,1.392,1.428
1760709677.8748631,1.406,1.426
1760709677.880797,1.38,1.421
1760709677.886192,1.434,1.422
1760709677.8916109,1.285,1.409
1760709677.8974729,1.829,1.451
1760709677.9033406,1.716,1.477
1760709677.908753,1.65,1.494
1760709677.9141889,1.585,1.504
1760709677.9195225,1.804,1.534
1760709677.9248536,1.9,1.57
1760709677.9301867,1.835,1.597
1760709677.9355116,1.77,1.614
1760709677.940839,1.807,1.633
1760709677.946201,1.762,1.646
1760709677.9515395,1.629,1.644
1760709677.9568775,1.506,1.631
1760709677.9622178,1.459,1.614
1760709677.9675653,1.287,1.581
1760709677.9732077,1.173,1.54
1760709677.9785426,1.182,1.504
1760709677.9843836,1.289,1.483
1760709677.989981,1.342,1.469
1760709677.9953957,1.327,1.455
1760709678.0008168,1.306,1.44
1760709678.0061579,1.379,1.434
1760709678.011483,1.276,1.418
1760709678.0168185,1.15,1.391
1760709678.0224369,1.123,1.364
1760709678.0281355,1.225,1.35
1760709678.034003,1.426,1.358
1760709678.039837,1.479,1.37
1760709678.045299,1.418,1.375
1760709678.051134,1.558,1.393
1760709678.056973,1.59,1.413
1760709678.062402,1.584,1.43
1760709678.0678344,1.437,1.431
1760709678.0734906,1.378,1.425
1760709678.0795124,1.356,1.418
1760709678.0849514,1.237,1.4
1760709678.0903578,1.202,1.38
1760709678.0957634,1.344,1.377
1760709678.1012607,1.417,1.381
1760709678.1067586,1.353,1.378
1760709678.1125855,1.356,1.376
1760709678.1180067,1.437,1.382
1760709678.1239176,1.252,1.369
1760709678.1297808,1.391,1.371
1760709678.1351762,1.446,1.379
1760709678.1410074,1.702,1.411
1760709678.1468387,1.443,1.414
1760709678.1526732,1.569,1.43
1760709678.1580963,1.572,1.444
1760709678.1639879,1.682,1.468
1760709678.1694162,1.684,1.489
1760709678.1749456,1.6,1.5
1760709678.180592,1.513,1.502
1760709678.1860087,1.519,1.503
1760709678.1918414,1.507,1.504
1760709678.1972833,1.43,1.496
1760709678.202771,1.41,1.488
1760709678.20819,1.447,1.484
1760709678.2139773,1.458,1.481
1760709678.21983,1.411,1.474
1760709678.225441,1.391,1.466
1760709678.2312865,1.326,1.452
1760709678.2367938,1.504,1.457
1760709678.2427056,1.42,1.453
1760709678.24854,1.473,1.455
1760709678.253952,1.546,1.464
1760709678.259676,1.501,1.468
1760709678.2650986,1.456,1.467
1760709678.2706425,1.328,1.453
1760709678.276131,1.328,1.44
1760709678.2815776,1.366,1.433
1760709678.2874107,1.35,1.425
1760709678.2932868,1.348,1.417
1760709678.2987123,1.355,1.411
1760709678.3041816,1.359,1.406
1760709678.3096037,1.3,1.395
1760709678.315476,1.271,1.383
1760709678.3213139,1.455,1.39
1760709678.3271472,1.405,1.391
1760709678.3329837,1.442,1.396
1760709678.3388162,1.365,1.393
1760709678.3442297,1.542,1.408
1760709678.3495922,1.432,1.411
1760709678.3549287,1.444,1.414
1760709678.3602781,1.461,1.419
1760709678.3658073,1.475,1.424
1760709678.3711426,1.472,1.429
1760709678.3769767,1.393,1.425
1760709678.3824093,1.388,1.422
1760709678.387907,1.465,1.426
1760709678.3937595,1.476,1.431
1760709678.399181,1.405,1.428
1760709678.404547,1.427,1.428
1760709678.4098792,1.457,1.431
1760709678.415315,1.44,1.432
1760709678.4213119,1.414,1.43
1760709678.427145,1.408,1.428
1760709678.4329731,1.43,1.428
1760709678.438393,1.484,1.434
1760709678.4442353,1.46,1.436
1760709678.449648,1.469,1.44
1760709678.4550729,1.491,1.445
1760709678.4609065,1.465,1.447
1760709678.4664001,1.442,1.446
1760709678.4722297,1.419,1.444
1760709678.4779775,1.436,1.443
1760709678.4838085,1.477,1.446
1760709678.4897277,1.4,1.442
1760709678.4951391,1.45,1.442
1760709678.5006077,1.437,1.442
1760709678.5060182,1.511,1.449
1760709678.511453,1.421,1.446
1760709678.5170372,1.422,1.444
1760709678.5224519,1.491,1.448
1760709678.528042,1.522,1.456
1760709678.5338998,1.456,1.456
1760709678.5393553,1.464,1.457
1760709678.5448155,1.504,1.461
1760709678.5506454,1.582,1.473
1760709678.5564742,1.534,1.479
1760709678.5618954,1.513,1.483
1760709678.5674672,1.459,1.48
1760709678.573335,1.411,1.474
1760709678.579172,1.495,1.476
1760709678.5847974,1.553,1.483
1760709678.5902178,1.64,1.499
1760709678.5956397,1.586,1.508
1760709678.6015103,1.511,1.508
1760709678.6073444,1.506,1.508
1760709678.612832,1.558,1.513
1760709678.6182544,1.55,1.517
1760709678.6241667,1.524,1.517
1760709678.6298127,1.462,1.512
1760709678.6356413,1.543,1.515
1760709678.641613,1.482,1.512
1760709678.647442,1.435,1.504
1760709678.653294,1.46,1.5
1760709678.6590683,1.483,1.498
1760709678.6648016,1.484,1.497
1760709678.6702156,1.456,1.493
1760709678.6760466,1.488,1.492
1760709678.6815488,1.514,1.494
1760709678.687386,1.496,1.494
1760709678.6932447,1.264,1.471
1760709678.698661,1.484,1.473
1760709678.7040668,1.415,1.467
1760709678.7095692,1.597,1.48
1760709678.7150028,1.45,1.477
1760709678.7208118,1.689,1.498
1760709678.7267327,1.495,1.498
1760709678.7325788,1.424,1.49
1760709678.7383847,1.308,1.472
1760709678.7442179,1.301,1.455
1760709678.7497077,1.297,1.439
1760709678.7551312,1.305,1.426
1760709678.760962,1.272,1.41
1760709678.7664382,1.282,1.398
1760709678.7722669,1.287,1.387
1760709678.7779765,1.274,1.375
1760709678.7838042,1.214,1.359
1760709678.789745,1.287,1.352
1760709678.7951822,1.282,1.345
1760709678.8005936,1.237,1.334
1760709678.8060584,1.115,1.312
1760709678.8114793,1.35,1.316
1760709678.8173864,1.407,1.325
1760709678.8228118,1.547,1.347
1760709678.8286428,1.385,1.351
1760709678.8341212,1.339,1.35
1760709678.8398569,1.553,1.37
1760709678.845348,1.558,1.389
1760709678.8511722,1.443,1.394
1760709678.8569992,1.479,1.403
1760709678.8628287,1.594,1.422
1760709678.86866,1.568,1.437
1760709678.8741279,1.387,1.432
1760709678.879842,1.571,1.445
1760709678.8854244,1.505,1.451
1760709678.8912,1.548,1.461
1760709678.8970284,1.363,1.451
1760709678.9024558,1.326,1.439
1760709678.9080594,1.362,1.431
1760709678.9135058,1.457,1.434
1760709678.9188414,1.294,1.42
1760709678.9241683,1.396,1.417
1760709678.9294956,1.459,1.421
1760709678.934826,1.459,1.425
1760709678.9401674,1.414,1.424
1760709678.9454887,1.413,1.423
1760709678.9508176,1.458,1.426
1760709678.956148,1.442,1.428
1760709678.961492,1.401,1.425
1760709678.9668536,1.359,1.419
1760709678.9722278,1.393,1.416
1760709678.9775507,1.424,1.417
1760709678.98332,1.437,1.419
1760709678.9891515,1.451,1.422
1760709678.9946332,1.457,1.426
1760709679.0004752,1.431,1.426
1760709679.0058012,1.345,1.418
1760709679.0115583,1.378,1.414
1760709679.0169702,1.405,1.413
1760709679.0223837,1.387,1.411
1760709679.0282142,1.364,1.406
1760709679.0339983,1.376,1.403
1760709679.039805,1.397,1.402
1760709679.0453393,1.413,1.403
1760709679.051167,1.395,1.403
1760709679.0569994,1.507,1.413
1760709679.062833,1.592,1.431
1760709679.0686655,1.501,1.438
1760709679.0740926,1.559,1.45
1760709679.0797763,1.594,1.464
1760709679.085224,1.642,1.482
1760709679.0910537,1.459,1.48
1760709679.0968866,1.318,1.464
1760709679.1027818,1.338,1.451
1760709679.108254,1.388,1.445
1760709679.1139762,1.377,1.438
1760709679.1194627,1.342,1.428
1760709679.1253345,1.38,1.424
1760709679.1307526,1.432,1.424
1760709679.136582,1.449,1.427
1760709679.1423912,1.375,1.422
1760709679.1482258,1.287,1.408
1760709679.1539688,1.408,1.408
1760709679.1594017,1.455,1.413
1760709679.164847,1.326,1.404
1760709679.1706808,1.638,1.427
1760709679.1761193,1.613,1.446
1760709679.1815553,1.535,1.455
1760709679.187388,1.582,1.468
1760709679.1932716,1.496,1.47
1760709679.1987681,1.45,1.468
1760709679.204225,1.388,1.46
1760709679.2096496,1.233,1.438
1760709679.2150705,1.295,1.423
1760709679.2205133,1.326,1.414
1760709679.225991,1.341,1.406
1760709679.231426,1.38,1.404
1760709679.237307,1.369,1.4
1760709679.2431388,1.483,1.408
1760709679.2485704,1.282,1.396
1760709679.2540116,1.833,1.44
1760709679.259665,1.688,1.464
1760709679.2653325,1.671,1.485
1760709679.2711656,1.677,1.504
1760709679.2769992,1.509,1.505
1760709679.2824147,1.582,1.512
1760709679.2882478,1.558,1.517
1760709679.2939885,1.428,1.508
1760709679.2994452,1.371,1.494
1760709679.3048658,1.292,1.474
1760709679.3102827,1.352,1.462
1760709679.3161113,1.517,1.467
1760709679.3219712,1.452,1.466
1760709679.3278081,1.443,1.464
1760709679.3333507,1.52,1.469
1760709679.3391945,1.338,1.456
1760709679.3446128,1.526,1.463
1760709679.3500268,1.51,1.468
1760709679.3554509,1.397,1.461
1760709679.3611288,1.417,1.456
1760709679.367041,1.206,1.431
1760709679.3728771,1.237,1.412
1760709679.3787785,1.501,1.421
1760709679.3846228,1.485,1.427
1760709679.3900323,1.422,1.427
1760709679.3954837,1.43,1.427
1760709679.4008956,1.443,1.429
1760709679.4062424,1.466,1.432
1760709679.4121435,1.441,1.433
1760709679.4175365,1.42,1.432
1760709679.422949,1.56,1.445
1760709679.4287834,1.397,1.44
1760709679.4342132,1.401,1.436
1760709679.4397373,1.348,1.427
1760709679.4452972,1.435,1.428
1760709679.4512165,1.49,1.434
1760709679.456646,1.346,1.425
1760709679.4620788,1.453,1.428
1760709679.4675028,1.43,1.428
1760709679.4733284,1.458,1.431
1760709679.4791732,1.483,1.437
1760709679.4846826,1.704,1.463
1760709679.4900994,1.61,1.478
1760709679.495901,1.559,1.486
1760709679.5017574,1.368,1.474
1760709679.5075972,1.289,1.456
1760709679.5134666,1.334,1.444
1760709679.519006,1.382,1.437
1760709679.524728,1.271,1.421
1760709679.530561,1.444,1.423
1760709679.5364466,1.503,1.431
1760709679.5418937,1.539,1.442
1760709679.547732,1.435,1.441
1760709679.5535812,1.324,1.429
1760709679.5590038,1.495,1.436
1760709679.5643406,1.491,1.441
1760709679.5696535,1.482,1.446
1760709679.5749867,1.59,1.46
1760709679.5803359,1.519,1.466
1760709679.5856678,1.446,1.464
1760709679.590999,1.261,1.444
1760709679.596367,1.316,1.431
1760709679.601704,1.387,1.426
1760709679.607573,1.371,1.421
1760709679.6129081,1.334,1.412
1760709679.6182394,1.379,1.409
1760709679.6235676,1.231,1.391
1760709679.6288953,1.598,1.412
1760709679.63425,1.509,1.421
1760709679.6396163,1.551,1.434
1760709679.6450355,1.426,1.434
1760709679.6503725,1.493,1.44
1760709679.6559823,1.555,1.451
1760709679.6615806,1.459,1.452
1760709679.666997,1.48,1.455
1760709679.6728306,1.21,1.43
1760709679.6782465,1.346,1.422
1760709679.683663,1.341,1.414
1760709679.6888592,1.43,1.415
1760709679.6942012,1.398,1.414
1760709679.6996813,1.19,1.391
1760709679.7051573,1.393,1.391
1760709679.7105677,1.401,1.392
1760709679.7163668,1.521,1.405
1760709679.7219748,1.105,1.375
1760709679.727808,1.54,1.392
1760709679.733374,1.609,1.413
1760709679.7388024,1.547,1.427
1760709679.744371,1.457,1.43
1760709679.7497864,1.306,1.418
1760709679.7551723,1.289,1.405
1760709679.761003,1.471,1.411
1760709679.7664871,1.431,1.413
1760709679.7723184,1.432,1.415
1760709679.7779827,1.457,1.419
1760709679.7838185,1.379,1.415
1760709679.7895916,1.485,1.422
1760709679.7950737,1.473,1.427
1760709679.8009057,1.509,1.435
1760709679.8067386,1.435,1.435
1760709679.8123899,1.431,1.435
1760709679.8178215,1.369,1.428
1760709679.823341,1.542,1.44
1760709679.8292198,1.534,1.449
1760709679.8346639,1.545,1.459
1760709679.840496,1.362,1.449
1760709679.846481,1.405,1.445
1760709679.8518903,1.376,1.438
1760709679.857241,1.409,1.435
1760709679.86307,1.422,1.434
1760709679.8684912,1.52,1.442
1760709679.8739185,1.472,1.445
1760709679.8797076,1.38,1.439
1760709679.8851273,1.405,1.435
1760709679.89096,1.465,1.438
1760709679.8966107,1.343,1.429
1760709679.9020875,1.378,1.424
1760709679.9079268,1.41,1.422
1760709679.9133873,1.429,1.423
1760709679.9187317,1.507,1.431
1760709679.9240634,1.45,1.433
1760709679.9294147,1.382,1.428
1760709679.9347453,1.306,1.416
1760709679.9400742,1.306,1.405
1760709679.9454248,1.365,1.401
1760709679.950758,1.476,1.408
1760709679.9560862,1.442,1.412
1760709679.9617224,1.504,1.421
1760709679.9670682,1.633,1.442
1760709679.972412,1.494,1.447
1760709679.9778109,1.592,1.462
1760709679.983146,1.405,1.456
1760709679.9889383,1.237,1.434
1760709679.9943542,1.294,1.42
1760709679.9996865,1.328,1.411
1760709680.0051095,1.322,1.402
1760709680.0104861,1.303,1.392
1760709680.015834,1.355,1.389
1760709680.0215251,1.394,1.389
1760709680.0269501,1.384,1.389
1760709680.0323577,1.366,1.386
1760709680.037825,1.393,1.387
1760709680.043432,1.526,1.401
1760709680.0488408,1.428,1.404
1760709680.0542622,1.406,1.404
1760709680.0596683,1.484,1.412
1760709680.0650818,1.483,1.419
1760709680.070496,1.341,1.411
1760709680.0761392,1.237,1.394
1760709680.081565,1.176,1.372
1760709680.0871356,1.375,1.372
1760709680.0929637,0.939,1.329
1760709680.0983765,1.501,1.346
1760709680.1042264,1.494,1.361
1760709680.1096542,1.638,1.389
1760709680.1154938,1.587,1.408
1760709680.1215065,1.423,1.41
1760709680.127363,1.387,1.408
1760709680.1332266,1.45,1.412
1760709680.1390603,1.353,1.406
1760709680.1445746,1.308,1.396
1760709680.149955,1.439,1.4
1760709680.1553986,1.608,1.421
1760709680.1612782,1.581,1.437
1760709680.1671174,1.721,1.466
1760709680.17295,1.805,1.5
1760709680.178795,1.48,1.498
1760709680.1846385,1.819,1.53
1760709680.190114,1.26,1.503
1760709680.1955614,1.237,1.476
1760709680.201417,1.35,1.463
1760709680.206827,1.279,1.445
1760709680.212208,1.235,1.424
1760709680.21754,1.316,1.413
1760709680.222879,1.37,1.409
1760709680.228705,1.256,1.394
1760709680.2341359,1.353,1.39
1760709680.2396772,1.39,1.39
1760709680.245095,1.575,1.408
1760709680.250511,1.525,1.42
1760709680.256342,1.455,1.423
1760709680.261982,1.362,1.417
1760709680.267425,1.572,1.433
1760709680.2732935,1.354,1.425
1760709680.2791274,1.517,1.434
1760709680.284665,1.556,1.446
1760709680.2900782,1.807,1.482
1760709680.2954953,1.545,1.489
1760709680.3008292,1.237,1.463
1760709680.3062432,1.175,1.435
1760709680.3120828,1.43,1.434
1760709680.317577,1.421,1.433
1760709680.3234074,1.265,1.416
1760709680.3292909,1.3,1.404
1760709680.3352716,1.232,1.387
1760709680.3411005,1.33,1.381
1760709680.3469293,1.355,1.379
1760709680.3523417,1.311,1.372
1760709680.357988,1.401,1.375
1760709680.3638177,1.482,1.386
1760709680.3693657,1.457,1.393
1760709680.3748012,1.52,1.405
1760709680.380639,1.612,1.426
1760709680.386112,1.558,1.439
1760709680.391542,1.479,1.443
1760709680.3974156,1.22,1.421
1760709680.402832,1.553,1.434
1760709680.4081736,1.367,1.427
1760709680.4135525,1.291,1.414
1760709680.4189634,1.305,1.403
1760709680.4243739,1.227,1.385
1760709680.4298017,1.466,1.393
1760709680.4352887,1.407,1.395
1760709680.4407089,1.437,1.399
1760709680.4461167,1.559,1.415
1760709680.4519472,1.06,1.379
1760709680.4576602,1.456,1.387
1760709680.4634569,1.542,1.403
1760709680.4688947,1.566,1.419
1760709680.4746442,1.47,1.424
1760709680.4803045,1.295,1.411
1760709680.486062,1.534,1.423
1760709680.4914837,1.601,1.441
1760709680.4973555,1.561,1.453
1760709680.5031912,1.266,1.434
1760709680.5086198,1.346,1.426
1760709680.5140579,1.397,1.423
1760709680.5194786,1.326,1.413
1760709680.524977,1.306,1.402
1760709680.5303993,1.359,1.398
1760709680.5362291,1.41,1.399
1760709680.5416498,1.288,1.388
1760709680.5474768,1.38,1.387
1760709680.5528939,1.629,1.411
1760709680.5583165,1.431,1.413
1760709680.5641503,1.509,1.423
1760709680.5695071,1.364,1.417
1760709680.5754383,1.327,1.408
1760709680.5809293,1.364,1.404
1760709680.5863485,1.348,1.398
1760709680.5919733,1.303,1.389
1760709680.5974588,1.347,1.384
1760709680.6032927,1.41,1.387
1760709680.6091554,1.406,1.389
1760709680.6145704,1.321,1.382
1760709680.6199033,1.424,1.386
1760709680.6257923,1.408,1.388
1760709680.6314027,1.33,1.383
1760709680.63681,1.255,1.37
1760709680.6421475,1.39,1.372
1760709680.6479752,1.359,1.371
1760709680.653855,1.288,1.362
1760709680.659274,1.329,1.359
1760709680.6647215,1.442,1.367
1760709680.670143,1.578,1.388
1760709680.6758657,1.41,1.391
1760709680.6813848,1.437,1.395
1760709680.6872206,1.377,1.393
1760709680.6930554,1.598,1.414
1760709680.698486,1.525,1.425
1760709680.7043293,1.482,1.431
1760709680.7097468,1.334,1.421
1760709680.7155805,1.395,1.418
1760709680.7214592,1.372,1.414
1760709680.7273033,1.272,1.4
1760709680.732755,1.369,1.397
1760709680.7384334,1.383,1.395
1760709680.7442815,1.272,1.383
1760709680.7497017,1.277,1.372
1760709680.75537,1.097,1.345
1760709680.7612538,1.422,1.352
1760709680.7670875,1.328,1.35
1760709680.7729232,1.629,1.378
1760709680.7788587,1.498,1.39
1760709680.784628,1.547,1.406
1760709680.7900507,1.571,1.422
1760709680.795489,1.173,1.397
1760709680.8013594,1.382,1.396
1760709680.8071923,1.64,1.42
1760709680.8126407,1.405,1.419
1760709680.818073,1.287,1.405
1760709680.8238947,1.264,1.391
1760709680.8296824,1.272,1.379
1760709680.835089,1.235,1.365
1760709680.8405192,1.237,1.352
1760709680.8459358,1.339,1.351
1760709680.8517642,1.418,1.358
1760709680.857605,1.397,1.362
1760709680.8634417,1.339,1.359
1760709680.8693178,1.42,1.365
1760709680.875212,1.568,1.386
1760709680.8810425,1.509,1.398
1760709680.8868887,1.467,1.405
1760709680.8927212,1.526,1.417
1760709680.8981802,1.61,1.436
1760709680.9040241,1.499,1.443
1760709680.9094923,1.513,1.45
1760709680.9149036,1.459,1.451
1760709680.9202337,1.625,1.468
1760709680.925566,1.555,1.477
1760709680.930897,1.526,1.482
1760709680.9362311,1.613,1.495
1760709680.9415731,1.391,1.484
1760709680.9469032,1.44,1.48
1760709680.9522345,1.422,1.474
1760709680.957701,1.463,1.473
1760709680.9630377,1.516,1.477
1760709680.9683661,1.465,1.476
1760709680.973687,1.418,1.47
1760709680.979013,1.418,1.465
1760709680.9844432,1.371,1.456
1760709680.9898522,1.39,1.449
1760709680.9957514,1.326,1.437
1760709681.0011666,1.354,1.428
1760709681.006492,1.4,1.426
1760709681.0121117,1.342,1.417
1760709681.01755,1.346,1.41
1760709681.022984,1.237,1.393
1760709681.0288136,1.505,1.404
1760709681.0342362,1.37,1.401
1760709681.0397077,1.344,1.395
1760709681.0450542,1.348,1.39
1760709681.0505445,1.388,1.39
1760709681.0563755,1.333,1.384
1760709681.0618289,1.289,1.375
1760709681.0672376,1.335,1.371
1760709681.072866,1.407,1.374
1760709681.0782921,1.383,1.375
1760709681.0841184,1.354,1.373
1760709681.0896218,1.408,1.377
1760709681.095034,1.448,1.384
1760709681.1008663,1.386,1.384
1760709681.1065717,1.31,1.377
1760709681.1122074,1.319,1.371
1760709681.1176353,1.408,1.375
1760709681.12305,1.342,1.371
1760709681.1288874,1.289,1.363
1760709681.1343162,1.322,1.359
1760709681.1397653,1.43,1.366
1760709681.1454365,1.382,1.368
1760709681.1512687,1.414,1.372
1760709681.1571054,1.461,1.381
1760709681.1629343,1.496,1.393
1760709681.1687703,1.423,1.396
1760709681.1745908,1.31,1.387
1760709681.180501,1.341,1.382
1760709681.185966,1.289,1.373
1760709681.1914048,1.444,1.38
1760709681.1969066,1.315,1.374
1760709681.2023363,1.332,1.37
1760709681.2077572,1.426,1.375
1760709681.2136204,1.401,1.378
1760709681.2190418,1.461,1.386
1760709681.224574,1.435,1.391
1760709681.2299974,1.459,1.398
1760709681.2354357,1.363,1.394
1760709681.2409713,1.16,1.371
1760709681.2465901,1.302,1.364
1760709681.2524216,1.469,1.375
1760709681.2579644,1.229,1.36
1760709681.2637942,1.511,1.375
1760709681.269268,1.287,1.366
1760709681.275106,1.496,1.379
1760709681.2809467,1.22,1.363
1760709681.2863674,1.6,1.387
1760709681.2918298,1.584,1.407
1760709681.297668,1.723,1.438
1760709681.3035111,1.638,1.458
1760709681.3092468,1.52,1.464
1760709681.3146992,1.669,1.485
1760709681.3205373,1.639,1.5
1760709681.3259795,1.497,1.5
1760709681.3314266,1.416,1.492
1760709681.3373017,1.829,1.525
1760709681.3431373,1.677,1.541
1760709681.3485696,1.199,1.506
1760709681.3539925,1.018,1.458
1760709681.3595667,1.019,1.414
1760709681.365008,1.405,1.413
1760709681.3703535,1.405,1.412
1760709681.3759906,1.431,1.414
1760709681.3814802,1.713,1.444
1760709681.3873086,1.799,1.479
1760709681.3931415,1.736,1.505
1760709681.3986216,1.692,1.524
1760709681.4040632,1.586,1.53
1760709681.4094236,1.509,1.528
1760709681.414759,1.405,1.516
1760709681.4204261,1.299,1.494
1760709681.4258857,1.298,1.474
1760709681.431537,1.262,1.453
1760709681.4373968,1.115,1.419
1760709681.443232,1.052,1.382
1760709681.4487085,1.096,1.354
1760709681.454131,0.861,1.305
1760709681.4594896,1.434,1.318
1760709681.4655032,1.33,1.319
1760709681.4710727,1.403,1.327
1760709681.476868,1.442,1.339
1760709681.4822812,1.474,1.352
1760709681.4881124,1.519,1.369
1760709681.493959,1.579,1.39
1760709681.4993954,1.544,1.405
1760709681.5048175,1.409,1.406
1760709681.510757,1.259,1.391
1760709681.5161855,1.289,1.381
1760709681.5219653,1.361,1.379
1760709681.5278041,1.307,1.372
1760709681.5336688,1.294,1.364
1760709681.539513,1.211,1.349
1760709681.5449367,1.287,1.342
1760709681.5507689,1.285,1.337
1760709681.5566003,1.279,1.331
1760709681.5620306,1.628,1.361
1760709681.567461,1.625,1.387
1760709681.5731502,1.454,1.394
1760709681.5789902,1.276,1.382
1760709681.5845625,1.662,1.41
1760709681.590049,1.766,1.446
1760709681.5954955,1.442,1.445
1760709681.6013632,1.601,1.461
1760709681.6071942,1.354,1.45
1760709681.6130288,1.452,1.45
1760709681.6188703,1.256,1.431
1760709681.6245637,1.347,1.423
1760709681.6305099,1.465,1.427
1760709681.6363492,1.517,1.436
1760709681.641759,1.501,1.442
1760709681.6475923,1.534,1.452
1760709681.6534603,1.571,1.464
1760709681.6589007,1.595,1.477
1760709681.6643288,1.562,1.485
1760709681.6697245,1.285,1.465
1760709681.6755548,1.465,1.465
1760709681.68097,1.58,1.477
1760709681.6863856,1.436,1.473
1760709681.6918004,1.429,1.468
1760709681.6976564,1.592,1.481
1760709681.7035034,1.612,1.494
1760709681.7089493,1.527,1.497
1760709681.7143707,1.56,1.503
1760709681.7198515,1.574,1.51
1760709681.7252915,1.416,1.501
1760709681.7311368,1.366,1.487
1760709681.7365623,1.272,1.466
1760709681.7419767,1.443,1.464
1760709681.74781,1.488,1.466
1760709681.7536545,1.419,1.461
1760709681.7594876,1.394,1.455
1760709681.765498,1.642,1.473
1760709681.7713332,1.57,1.483
1760709681.7771695,1.586,1.493
1760709681.7825954,1.326,1.477
1760709681.7884245,1.355,1.464
1760709681.7939627,1.558,1.474
1760709681.799402,1.418,1.468
1760709681.804906,1.361,1.457
1760709681.8103168,1.384,1.45
1760709681.8160212,1.56,1.461
1760709681.821878,1.533,1.468
1760709681.8277104,1.413,1.463
1760709681.8335466,1.661,1.483
1760709681.8392217,1.521,1.486
1760709681.8448565,1.478,1.486
1760709681.8502636,1.542,1.491
1760709681.855682,1.65,1.507
1760709681.8612416,1.603,1.517
1760709681.866727,1.483,1.513
1760709681.8725595,1.466,1.509
1760709681.8779728,1.649,1.523
1760709681.8836105,1.505,1.521
1760709681.8893478,1.146,1.483
1760709681.8948123,1.666,1.502
1760709681.9006684,1.406,1.492
1760709681.9065046,1.516,1.494
1760709681.9120355,1.48,1.493
1760709681.917403,1.442,1.488
1760709681.9227312,1.503,1.489
1760709681.9280562,1.461,1.487
1760709681.9335268,1.434,1.481
1760709681.9388607,1.334,1.467
1760709681.944195,1.522,1.472
1760709681.9494991,1.613,1.486
1760709681.9548335,1.582,1.496
1760709681.9601617,1.462,1.492
1760709681.9655895,1.495,1.493
1760709681.9709198,1.534,1.497
1760709681.976246,1.429,1.49
1760709681.9815516,1.376,1.479
1760709681.9869537,1.457,1.476
1760709681.9925697,1.486,1.477
1760709681.998044,1.418,1.471
1760709682.0034513,1.376,1.462
1760709682.0092275,1.494,1.465
1760709682.014582,1.49,1.468
1760709682.020341,1.443,1.465
1760709682.025764,1.322,1.451
1760709682.0314047,1.392,1.445
1760709682.037386,1.213,1.422
1760709682.0428605,1.328,1.412
1760709682.048666,1.388,1.41
1760709682.0541046,1.355,1.404
1760709682.0595498,1.725,1.436
1760709682.0655456,1.694,1.462
1760709682.0709555,1.586,1.475
1760709682.0767832,2.036,1.531
1760709682.082195,1.83,1.561
1760709682.0880208,1.286,1.533
1760709682.0939498,1.569,1.537
1760709682.099361,1.101,1.493
1760709682.1047826,1.119,1.456
1760709682.1101916,1.215,1.432
1760709682.115608,1.351,1.424
1760709682.1210816,1.485,1.43
1760709682.1269145,1.483,1.435
1760709682.1327555,1.354,1.427
1760709682.1382823,1.349,1.419
1760709682.1441274,1.509,1.428
1760709682.1495593,1.542,1.44
1760709682.155397,1.471,1.443
1760709682.1610684,1.199,1.418
1760709682.1668952,1.61,1.438
1760709682.1727202,1.721,1.466
1760709682.1781812,1.525,1.472
1760709682.183891,1.446,1.469
1760709682.189646,1.663,1.489
1760709682.195058,1.985,1.538
1760709682.2005305,1.19,1.503
1760709682.2059448,1.285,1.482
1760709682.2115085,1.237,1.457
1760709682.216931,1.302,1.442
1760709682.222361,1.207,1.418
1760709682.2281914,1.314,1.408
1760709682.2340622,1.45,1.412
1760709682.2394605,1.498,1.421
1760709682.2449067,1.365,1.415
1760709682.2503192,1.237,1.397
1760709682.256118,1.41,1.399
1760709682.261971,1.467,1.405
1760709682.2674115,1.398,1.405
1760709682.273265,1.413,1.406
1760709682.279111,1.434,1.408
1760709682.28459,1.413,1.409
1760709682.2900603,1.301,1.398
1760709682.2955534,1.379,1.396
1760709682.3014176,1.509,1.407
1760709682.306871,1.517,1.418
1760709682.3123853,1.396,1.416
1760709682.3177958,1.303,1.405
1760709682.3237424,1.354,1.4
1760709682.3295202,1.414,1.401
1760709682.3349388,1.422,1.403
1760709682.3407762,1.326,1.396
1760709682.3461957,1.341,1.39
1760709682.3520265,1.598,1.411
1760709682.3578691,1.478,1.418
1760709682.3636985,1.617,1.437
1760709682.369135,1.376,1.431
1760709682.3745446,1.517,1.44
1760709682.3804028,1.434,1.439
1760709682.3858242,1.375,1.433
1760709682.3916578,1.449,1.435
1760709682.3970883,1.443,1.435
1760709682.4025083,1.389,1.431
1760709682.4078462,1.336,1.421
1760709682.413208,1.411,1.42
1760709682.418541,1.465,1.425
1760709682.4239879,1.368,1.419
1760709682.429536,1.388,1.416
1760709682.4349625,1.413,1.416
1760709682.4404306,1.431,1.417
1760709682.445844,1.199,1.395
1760709682.4516733,1.484,1.404
1760709682.4575477,1.406,1.404
1760709682.4633775,1.297,1.394
1760709682.469176,1.642,1.418
1760709682.4746842,1.493,1.426
1760709682.4805293,1.715,1.455
1760709682.4859183,1.608,1.47
1760709682.4912527,1.546,1.478
1760709682.4970794,1.524,1.482
1760709682.5025656,1.509,1.485
1760709682.50796,1.688,1.505
1760709682.513517,1.375,1.492
1760709682.5190065,1.173,1.46
1760709682.5244737,1.271,1.441
1760709682.5298903,1.346,1.432
1760709682.5353005,1.354,1.424
1760709682.5410106,1.301,1.412
1760709682.5464246,1.38,1.409
1760709682.5522506,1.369,1.405
1760709682.5577648,1.38,1.402
1760709682.56359,1.3,1.392
1760709682.5690544,1.302,1.383
1760709682.5745227,1.433,1.388
1760709682.5803862,1.418,1.391
1760709682.5859592,1.328,1.385
1760709682.5914366,1.488,1.395
1760709682.5973117,1.44,1.399
1760709682.6027753,1.345,1.394
1760709682.608199,1.328,1.387
1760709682.6139762,1.405,1.389
1760709682.6194782,1.483,1.399
1760709682.625101,1.38,1.397
1760709682.6309302,1.369,1.394
1760709682.636354,1.496,1.404
1760709682.641885,1.586,1.422
1760709682.6473215,1.401,1.42
1760709682.6531544,1.376,1.416
1760709682.6586084,1.417,1.416
1760709682.6644485,1.462,1.42
1760709682.6698709,1.467,1.425
1760709682.6757028,1.305,1.413
1760709682.6811619,1.434,1.415
1760709682.686577,1.538,1.427
1760709682.6924055,1.421,1.427
1760709682.69796,1.354,1.419
1760709682.7037902,1.442,1.422
1760709682.7094889,1.438,1.423
1760709682.7148943,1.372,1.418
1760709682.7203052,1.318,1.408
1760709682.7259653,1.381,1.405
1760709682.7314568,1.439,1.409
1760709682.7373254,1.379,1.406
1760709682.7431574,1.372,1.402
1760709682.749004,1.337,1.396
1760709682.75443,1.491,1.405
1760709682.7602632,1.434,1.408
1760709682.7657208,1.38,1.405
1760709682.7710543,1.466,1.411
1760709682.776389,1.509,1.421
1760709682.7817836,1.439,1.423
1760709682.787499,1.408,1.422
1760709682.7931747,1.474,1.427
1760709682.798626,1.51,1.435
1760709682.8044505,1.449,1.436
1760709682.8099294,1.42,1.435
1760709682.815761,1.493,1.441
1760709682.821217,1.51,1.448
1760709682.8270514,1.436,1.446
1760709682.8326766,1.381,1.44
1760709682.8381162,1.455,1.441
1760709682.8439612,1.477,1.445
1760709682.849543,1.411,1.442
1760709682.8553855,1.384,1.436
1760709682.8610816,1.446,1.437
1760709682.866494,1.491,1.442
1760709682.872324,1.408,1.439
1760709682.8779793,1.38,1.433
1760709682.8838394,1.4,1.43
1760709682.8895774,1.459,1.433
1760709682.8952813,1.426,1.432
1760709682.9007049,1.343,1.423
1760709682.9065375,1.406,1.421
1760709682.9119482,1.354,1.415
1760709682.9173114,1.383,1.411
1760709682.9226453,1.339,1.404
1760709682.9279726,1.38,1.402
1760709682.9333205,1.408,1.402
1760709682.9386523,1.273,1.389
1760709682.944257,1.265,1.377
1760709682.94959,1.341,1.373
1760709682.954921,1.371,1.373
1760709682.9602532,1.284,1.364
1760709682.9656203,1.184,1.346
1760709682.970954,1.218,1.333
1760709682.9762857,1.225,1.322
1760709682.981621,1.225,1.313
1760709682.9870186,1.269,1.308
1760709682.9924278,1.302,1.308
1760709682.9977736,1.479,1.325
1760709683.003107,1.424,1.335
1760709683.0085158,1.466,1.348
1760709683.0140257,1.525,1.366
1760709683.0193572,1.585,1.388
1760709683.0247724,1.399,1.389
1760709683.0302062,1.516,1.401
1760709683.0356867,1.675,1.429
1760709683.041621,1.986,1.485
1760709683.0472167,1.397,1.476
1760709683.0530465,1.177,1.446
1760709683.0584748,1.596,1.461
1760709683.0643106,1.397,1.454
1760709683.0698287,1.277,1.437
1760709683.0756614,1.395,1.433
1760709683.0813403,1.455,1.435
1760709683.0871432,1.509,1.442
1760709683.0929818,1.447,1.443
1760709683.0984118,1.445,1.443
1760709683.1042418,1.467,1.445
1760709683.1096725,1.435,1.444
1760709683.1150925,1.447,1.445
1760709683.120929,1.368,1.437
1760709683.1263506,1.433,1.437
1760709683.1318622,1.506,1.443
1760709683.1377,1.487,1.448
1760709683.1435282,1.449,1.448
1760709683.1489546,1.508,1.454
1760709683.1548939,1.532,1.462
1760709683.1607268,1.474,1.463
1760709683.1665733,1.363,1.453
1760709683.1724083,1.517,1.459
1760709683.1782563,1.662,1.48
1760709683.1840966,1.385,1.47
1760709683.1895459,1.393,1.462
1760709683.1949706,1.384,1.455
1760709683.2008648,1.563,1.465
1760709683.2066982,1.523,1.471
1760709683.2121124,1.521,1.476
1760709683.2176156,1.574,1.486
1760709683.2230444,1.642,1.502
1760709683.2288783,1.569,1.508
1760709683.234292,1.481,1.506
1760709683.2397501,1.558,1.511
1760709683.2453406,1.598,1.52
1760709683.2511704,1.509,1.518
1760709683.2566826,1.438,1.51
1760709683.262107,1.48,1.507
1760709683.2677553,1.505,1.507
1760709683.2733274,1.343,1.491
1760709683.279159,1.357,1.477
1760709683.284589,1.553,1.485
1760709683.2904322,1.555,1.492
1760709683.2962651,1.405,1.483
1760709683.3019707,1.56,1.491
1760709683.3078046,1.464,1.488
1760709683.313261,1.559,1.495
1760709683.3191044,1.55,1.501
1760709683.3245497,1.447,1.495
1760709683.3299654,1.455,1.491
1760709683.335381,1.458,1.488
1760709683.3408601,1.376,1.477
1760709683.3463342,1.356,1.465
1760709683.3521638,1.418,1.46
1760709683.3579726,1.429,1.457
1760709683.3634415,1.356,1.447
1760709683.3693247,1.326,1.435
1760709683.375161,1.431,1.434
1760709683.3810103,1.343,1.425
1760709683.3869903,1.365,1.419
1760709683.3924234,1.431,1.42
1760709683.3977666,1.432,1.422
1760709683.4034657,1.697,1.449
1760709683.4088926,1.658,1.47
1760709683.4142473,1.711,1.494
1760709683.4195864,1.758,1.521
1760709683.4249334,1.616,1.53
1760709683.430279,1.38,1.515
1760709683.4356194,1.26,1.489
1760709683.4409618,1.352,1.476
1760709683.4462905,1.405,1.469
1760709683.45162,1.32,1.454
1760709683.4569497,1.294,1.438
1760709683.46234,1.372,1.431
1760709683.4676647,1.424,1.431
1760709683.472992,1.301,1.418
1760709683.4783256,1.384,1.414
1760709683.4836671,1.237,1.396
1760709683.4890153,1.546,1.411
1760709683.4944537,1.588,1.429
1760709683.4998007,1.659,1.452
1760709683.5051386,1.806,1.487
1760709683.5104768,1.816,1.52
1760709683.5157864,1.56,1.524
1760709683.5212924,1.423,1.514
1760709683.5267599,1.38,1.501
1760709683.5321872,1.346,1.485
1760709683.5379822,1.185,1.455
1760709683.543822,1.211,1.431
1760709683.5495684,1.3,1.418
1760709683.5549946,1.328,1.409
1760709683.5608242,1.297,1.398
1760709683.5661795,1.311,1.389
1760709683.5715132,1.406,1.391
1760709683.5768464,1.306,1.382
1760709683.5821838,1.38,1.382
1760709683.587513,1.403,1.384
1760709683.59284,1.467,1.392
1760709683.5981758,1.466,1.4
1760709683.6035106,1.302,1.39
1760709683.608877,1.565,1.407
1760709683.614251,1.625,1.429
1760709683.619582,1.633,1.45
1760709683.6249137,1.621,1.467
1760709683.6302454,1.388,1.459
1760709683.635639,1.295,1.442
1760709683.6409113,1.194,1.418
1760709683.646338,1.035,1.379
1760709683.6516628,0.986,1.34
1760709683.6573277,1.109,1.317
1760709683.6627376,1.26,1.311
1760709683.6681573,1.281,1.308
1760709683.673572,1.33,1.31
1760709683.679001,1.405,1.32
1760709683.6844354,1.354,1.323
1760709683.6899166,1.225,1.313
1760709683.6957521,1.535,1.336
1760709683.7015982,1.505,1.353
1760709683.7074277,1.292,1.347
1760709683.7132957,1.38,1.35
1760709683.718913,1.523,1.367
1760709683.7243927,1.637,1.394
1760709683.7300277,1.729,1.428
1760709683.7354531,1.658,1.451
1760709683.740955,1.726,1.478
1760709683.7467866,1.707,1.501
1760709683.7526193,1.588,1.51
1760709683.758076,1.374,1.496
1760709683.7639132,1.276,1.474
1760709683.7693884,1.313,1.458
1760709683.775237,1.268,1.439
1760709683.781093,1.14,1.409
1760709683.786926,1.181,1.386
1760709683.7925704,1.289,1.377
1760709683.7980177,1.388,1.378
1760709683.8038504,1.351,1.375
1760709683.8093135,1.298,1.367
1760709683.814739,1.339,1.365
1760709683.8205187,1.348,1.363
1760709683.8259692,1.456,1.372
1760709683.8314068,1.349,1.37
1760709683.8370466,1.453,1.378
1760709683.8428657,1.476,1.388
1760709683.848716,1.494,1.399
1760709683.8541527,1.455,1.404
1760709683.859575,1.592,1.423
1760709683.8651016,1.507,1.431
1760709683.8709042,1.358,1.424
1760709683.8765397,1.237,1.405
1760709683.8819642,1.392,1.404
1760709683.8877952,1.343,1.398
1760709683.893635,1.197,1.378
1760709683.8993359,1.192,1.359
1760709683.904756,1.32,1.355
1760709683.9102418,1.389,1.359
1760709683.9155912,1.256,1.348
1760709683.9209232,1.142,1.328
1760709683.9262536,1.388,1.334
1760709683.9315834,1.56,1.356
1760709683.9369135,1.275,1.348
1760709683.942246,1.337,1.347
1760709683.9475784,1.436,1.356
1760709683.9529116,1.498,1.37
1760709683.9582448,1.534,1.387
1760709683.963579,1.567,1.405
1760709683.968919,1.48,1.412
1760709683.9743261,1.638,1.435
1760709683.9796622,1.539,1.445
1760709683.9850035,1.456,1.446
1760709683.990341,1.449,1.447
1760709683.9956672,1.475,1.449
1760709684.0010831,1.432,1.448
1760709684.0064077,1.423,1.445
1760709684.0117378,1.393,1.44
1760709684.0171595,1.575,1.454
1760709684.0226426,1.445,1.453
1760709684.0282543,1.447,1.452
1760709684.0337622,1.503,1.457
1760709684.0392962,1.586,1.47
1760709684.0447204,1.149,1.438
1760709684.0502663,1.449,1.439
1760709684.056052,1.632,1.458
1760709684.061515,1.587,1.471
1760709684.066999,1.393,1.463
1760709684.0726163,1.479,1.465
1760709684.0782397,1.597,1.478
1760709684.08408,1.498,1.48
1760709684.0895176,1.343,1.466
1760709684.0949364,1.343,1.454
1760709684.1004076,1.407,1.449
1760709684.1060486,1.447,1.449
1760709684.1114757,1.411,1.445
1760709684.1169186,1.359,1.437
1760709684.1227481,1.466,1.44
1760709684.1285863,1.49,1.445
1760709684.134022,1.401,1.44
1760709684.1394718,1.418,1.438
1760709684.145423,1.479,1.442
1760709684.1508949,1.463,1.444
1760709684.156312,1.437,1.443
1760709684.16173,1.405,1.44
1760709684.1673992,1.501,1.446
1760709684.1732786,1.458,1.447
1760709684.1787407,1.406,1.443
1760709684.1843357,1.405,1.439
1760709684.18984,1.526,1.448
1760709684.195771,1.354,1.438
1760709684.201634,1.486,1.443
1760709684.207372,1.45,1.444
1760709684.213238,1.472,1.447
1760709684.2186627,1.491,1.451
1760709684.2241082,1.433,1.449
1760709684.2295508,1.436,1.448
1760709684.2350137,1.326,1.436
1760709684.2408755,1.51,1.443
1760709684.2466853,1.449,1.444
1760709684.2522237,1.43,1.442
1760709684.2579632,1.566,1.455
1760709684.263798,1.586,1.468
1760709684.269376,1.535,1.475
1760709684.2748592,1.483,1.475
1760709684.2807057,1.551,1.483
1760709684.2861276,1.546,1.489
1760709684.2918222,1.421,1.482
1760709684.297662,1.405,1.475
1760709684.3034964,1.439,1.471
1760709684.3089275,1.439,1.468
1760709684.3143559,1.413,1.462
1760709684.3198357,1.342,1.45
1760709684.3256764,1.408,1.446
1760709684.3311155,1.447,1.446
1760709684.3366673,1.409,1.442
1760709684.3424804,1.396,1.438
1760709684.3483067,1.483,1.442
1760709684.353748,1.363,1.434
1760709684.3593187,1.123,1.403
1760709684.3653567,1.413,1.404
1760709684.3707724,1.485,1.412
1760709684.376604,1.63,1.434
1760709684.3820248,1.31,1.422
1760709684.3878555,1.45,1.425
1760709684.3937168,1.578,1.44
1760709684.3994606,1.588,1.455
1760709684.4053552,1.458,1.455
1760709684.410693,1.441,1.454
1760709684.4160287,1.539,1.462
1760709684.4213812,1.509,1.467
1760709684.4267921,1.404,1.461
1760709684.4322033,1.391,1.454
1760709684.437957,1.405,1.449
1760709684.443785,1.426,1.447
1760709684.4492388,1.364,1.438
1760709684.454659,1.352,1.43
1760709684.4604945,1.418,1.428
1760709684.4659188,1.442,1.43
1760709684.4717517,1.405,1.427
1760709684.477612,1.256,1.41
1760709684.483061,1.237,1.393
1760709684.4889076,1.328,1.386
1760709684.4943442,1.534,1.401
1760709684.5002632,1.557,1.417
1760709684.505646,1.579,1.433
1760709684.5110765,1.448,1.434
1760709684.5169547,1.395,1.431
1760709684.522384,1.399,1.427
1760709684.528218,1.422,1.427
1760709684.5336037,1.463,1.43
1760709684.539308,1.39,1.426
1760709684.544753,1.354,1.419
1760709684.5501637,1.424,1.42
1760709684.5561216,1.433,1.421
1760709684.561573,1.392,1.418
1760709684.5671186,1.356,1.412
1760709684.5729573,1.439,1.415
1760709684.5787892,1.462,1.419
1760709684.58431,1.394,1.417
1760709684.5897326,1.368,1.412
1760709684.5952046,1.378,1.409
1760709684.6010382,1.472,1.415
1760709684.606872,1.438,1.417
1760709684.6124308,1.426,1.418
1760709684.617861,1.492,1.426
1760709684.623765,1.574,1.44
1760709684.6293464,1.468,1.443
1760709684.634773,1.426,1.441
1760709684.6402078,1.483,1.446
1760709684.6456535,1.505,1.451
1760709684.6515195,1.466,1.453
1760709684.6573899,1.419,1.45
1760709684.6632218,1.453,1.45
1760709684.668854,1.457,1.451
1760709684.6742659,1.412,1.447
1760709684.6802132,1.417,1.444
1760709684.6856,1.479,1.447
1760709684.6910315,1.496,1.452
1760709684.696865,1.429,1.45
1760709684.7027824,1.394,1.444
1760709684.7082329,1.42,1.442
1760709684.7139647,1.449,1.443
1760709684.7193925,1.409,1.439
1760709684.7253222,1.393,1.435
1760709684.7310374,1.509,1.442
1760709684.7368748,1.506,1.448
1760709684.742712,1.405,1.444
1760709684.7485473,1.394,1.439
1760709684.7539926,1.471,1.442
1760709684.7594328,1.469,1.445
1760709684.7653015,1.388,1.439
1760709684.7711332,1.432,1.439
1760709684.7767894,1.436,1.438
1760709684.782223,1.397,1.434
1760709684.7876866,1.466,1.437
1760709684.793562,1.445,1.438
1760709684.7989876,1.459,1.44
1760709684.804397,1.457,1.442
1760709684.8098893,1.404,1.438
1760709684.815303,1.359,1.43
1760709684.8207152,1.435,1.431
1760709684.826127,1.417,1.429
1760709684.8316483,1.372,1.424
1760709684.8370578,1.31,1.412
1760709684.8428872,1.444,1.415
1760709684.848738,1.459,1.42
1760709684.854119,1.393,1.417
1760709684.8595314,1.368,1.412
1760709684.8655705,1.463,1.417
1760709684.87104,1.457,1.421
1760709684.8765135,1.368,1.416
1760709684.8819392,1.376,1.412
1760709684.8877668,1.424,1.413
1760709684.893636,1.438,1.416
1760709684.8993127,1.382,1.412
1760709684.9052546,1.401,1.411
1760709684.9106872,1.457,1.416
1760709684.9160225,1.457,1.42
1760709684.921371,1.393,1.417
1760709684.9267013,1.38,1.414
1760709684.9320333,1.43,1.415
1760709684.9373853,1.448,1.418
1760709684.9427183,1.453,1.422
1760709684.9483466,1.474,1.427
1760709684.9540577,1.532,1.438
1760709684.9593866,1.517,1.446
1760709684.9647205,1.393,1.44
1760709684.9700816,1.408,1.437
1760709684.975476,1.479,1.441
1760709684.9810274,1.485,1.446
1760709684.9864404,1.413,1.442
1760709684.9920485,1.398,1.438
1760709684.997914,1.451,1.439
1760709685.0033274,1.403,1.436
1760709685.0086555,1.422,1.434
1760709685.01412,1.421,1.433
1760709685.019458,1.447,1.434
1760709685.024867,1.262,1.417
1760709685.0302882,1.267,1.402
1760709685.0357597,1.237,1.386
1760709685.041227,1.387,1.386
1760709685.0470583,1.56,1.403
1760709685.0524788,1.463,1.409
1760709685.058133,1.431,1.411
1760709685.0635064,1.671,1.437
1760709685.0687985,1.405,1.434
1760709685.074129,1.345,1.425
1760709685.0796618,1.875,1.47
1760709685.0849967,1.402,1.463
1760709685.0904145,1.791,1.496
1760709685.0959184,1.065,1.453
1760709685.1017692,1.189,1.427
1760709685.1076024,1.38,1.422
1760709685.113079,1.44,1.424
1760709685.118523,1.393,1.421
1760709685.1239872,1.375,1.416
1760709685.1294818,1.408,1.415
1760709685.1348825,1.385,1.412
1760709685.140338,1.229,1.394
1760709685.1457548,1.314,1.386
1760709685.1515872,1.459,1.393
1760709685.1574554,1.537,1.408
1760709685.1632838,1.434,1.41
1760709685.1687088,1.424,1.412
1760709685.1741664,1.459,1.416
1760709685.1798244,1.377,1.412
1760709685.1853147,1.599,1.431
1760709685.1907518,1.405,1.428
1760709685.1966028,1.418,1.427
1760709685.2020166,1.638,1.448
1760709685.2078674,1.55,1.459
1760709685.2137222,1.483,1.461
1760709685.219138,1.584,1.473
1760709685.224577,1.588,1.485
1760709685.2299948,1.417,1.478
1760709685.2356386,1.323,1.462
1760709685.241062,1.368,1.453
1760709685.2468917,1.311,1.439
1760709685.2527242,1.197,1.415
1760709685.2581472,1.268,1.4
1760709685.2639866,1.379,1.398
1760709685.2695198,1.04,1.362
1760709685.2754285,1.579,1.384
1760709685.2809367,1.588,1.404
1760709685.286564,1.478,1.412
1760709685.2919903,1.458,1.416
1760709685.2978363,1.422,1.417
1760709685.303676,1.358,1.411
1760709685.3090925,1.358,1.406
1760709685.31493,1.431,1.408
1760709685.3203163,1.38,1.405
1760709685.3258855,1.446,1.409
1760709685.331369,1.507,1.419
1760709685.337236,1.535,1.431
1760709685.3430703,1.366,1.424
