timestamp,raw,filtered
1760709606.3589287,1.606,1.486
1760709606.3642755,1.529,1.49
1760709606.3696105,1.455,1.487
1760709606.3749354,1.418,1.48
1760709606.3803065,1.52,1.484
1760709606.3856792,1.521,1.488
1760709606.3910136,1.38,1.477
1760709606.3964446,1.372,1.466
1760709606.4020033,1.485,1.468
1760709606.4073286,1.478,1.469
1760709606.4129314,1.271,1.449
1760709606.4182572,1.327,1.437
1760709606.4236782,1.453,1.439
1760709606.4293628,1.569,1.452
1760709606.4346929,1.324,1.439
1760709606.4400272,1.341,1.429
1760709606.4455788,1.539,1.44
1760709606.4511871,1.509,1.447
1760709606.4566588,1.323,1.435
1760709606.461991,1.172,1.408
1760709606.467321,1.496,1.417
1760709606.4729846,1.591,1.435
1760709606.4785864,1.417,1.433
1760709606.4842007,1.423,1.432
1760709606.489657,1.6,1.449
1760709606.4952629,1.646,1.468
1760709606.5008729,1.495,1.471
1760709606.5067039,1.37,1.461
1760709606.512535,1.586,1.473
1760709606.5179863,1.567,1.483
1760709606.5234256,1.328,1.467
1760709606.5293002,1.431,1.464
1760709606.5351992,1.546,1.472
1760709606.5410297,1.598,1.485
1760709606.5468535,1.372,1.473
1760709606.5526853,1.442,1.47
1760709606.558114,1.501,1.473
1760709606.5639462,1.545,1.48
1760709606.5694942,1.437,1.476
1760709606.575325,1.408,1.469
1760709606.5807862,1.548,1.477
1760709606.5862036,1.544,1.484
1760709606.5918684,1.363,1.472
1760709606.5977147,1.321,1.457
1760709606.6035533,1.552,1.466
1760709606.608951,1.573,1.477
1760709606.6143773,1.362,1.465
1760709606.620008,1.354,1.454
1760709606.6258407,1.53,1.462
1760709606.6312754,1.48,1.464
1760709606.636686,1.314,1.449
1760709606.642167,1.324,1.436
1760709606.6479967,1.492,1.442
1760709606.6538694,1.534,1.451
1760709606.6593218,1.328,1.439
1760709606.6651657,1.356,1.43
1760709606.6711369,1.482,1.436
1760709606.6766045,1.468,1.439
1760709606.6820142,1.351,1.43
1760709606.6874282,1.354,1.422
1760709606.693298,1.419,1.422
1760709606.6987789,1.529,1.433
1760709606.7042277,1.328,1.422
1760709606.709671,1.458,1.426
1760709606.715085,1.559,1.439
1760709606.7204185,1.578,1.453
1760709606.7259824,1.305,1.438
1760709606.7313793,1.405,1.435
1760709606.7368803,1.472,1.439
1760709606.7422936,1.475,1.442
1760709606.7481246,1.319,1.43
1760709606.7539825,1.324,1.419
1760709606.7593992,1.496,1.427
1760709606.7652419,1.486,1.433
1760709606.7710755,1.355,1.425
1760709606.7769127,1.477,1.43
1760709606.7823622,1.534,1.441
1760709606.788252,1.497,1.446
1760709606.7939684,1.382,1.44
1760709606.7998009,1.385,1.434
1760709606.8052876,1.511,1.442
1760709606.8107262,1.509,1.449
1760709606.8161507,1.388,1.443
1760709606.8216805,1.355,1.434
1760709606.8275213,1.53,1.444
1760709606.8329456,1.533,1.452
1760709606.838779,1.34,1.441
1760709606.8441925,1.353,1.432
1760709606.8496194,1.477,1.437
1760709606.855061,1.492,1.442
1760709606.860495,1.339,1.432
1760709606.8660102,1.34,1.423
1760709606.8718483,1.517,1.432
1760709606.8776922,1.472,1.436
1760709606.8835287,1.332,1.426
1760709606.8894017,1.384,1.422
1760709606.8948424,1.535,1.433
1760709606.9002852,1.52,1.442
1760709606.9057689,1.297,1.427
1760709606.9111779,1.411,1.426
1760709606.9165273,1.612,1.444
1760709606.9218414,1.633,1.463
1760709606.9271703,1.34,1.451
1760709606.9324963,1.349,1.441
1760709606.9378285,1.546,1.451
1760709606.943159,1.496,1.456
1760709606.9486685,1.317,1.442
1760709606.954009,1.384,1.436
1760709606.9593432,1.549,1.447
1760709606.96468,1.56,1.459
1760709606.9700313,1.34,1.447
1760709606.9753785,1.359,1.438
1760709606.9807045,1.501,1.444
1760709606.9860291,1.465,1.446
1760709606.9913633,1.374,1.439
1760709606.996689,1.426,1.438
1760709607.0020182,1.551,1.449
1760709607.0073469,1.551,1.459
1760709607.0126739,1.341,1.447
1760709607.018001,1.419,1.445
1760709607.023328,1.54,1.454
1760709607.028655,1.555,1.464
1760709607.0342658,1.315,1.449
1760709607.0395937,1.384,1.443
1760709607.0449438,1.524,1.451
1760709607.050348,1.509,1.457
1760709607.0561774,1.335,1.445
1760709607.0615745,1.358,1.436
1760709607.0669868,1.521,1.444
1760709607.0724015,1.532,1.453
1760709607.077886,1.38,1.446
1760709607.0833557,1.421,1.443
1760709607.089244,1.558,1.455
1760709607.095014,1.508,1.46
1760709607.1008458,1.35,1.449
1760709607.106253,1.38,1.442
1760709607.1117206,1.55,1.453
1760709607.1172116,1.488,1.457
1760709607.1226506,1.282,1.439
1760709607.1284876,1.368,1.432
1760709607.1339738,1.564,1.445
1760709607.1397724,1.496,1.45
1760709607.1453094,1.326,1.438
1760709607.1511388,1.354,1.429
1760709607.15697,1.539,1.44
1760709607.1624086,1.479,1.444
1760709607.1682572,1.384,1.438
1760709607.173756,1.343,1.429
1760709607.1795897,1.549,1.441
1760709607.1850965,1.5,1.447
1760709607.1909897,1.414,1.443
1760709607.1969328,1.457,1.445
1760709607.2027726,1.453,1.446
1760709607.2082002,1.405,1.442
1760709607.2139647,1.325,1.43
1760709607.2194004,1.339,1.421
1760709607.2252681,1.529,1.432
1760709607.2306902,1.54,1.442
1760709607.236119,1.289,1.427
1760709607.2418344,1.368,1.421
1760709607.2476661,1.51,1.43
1760709607.2535443,1.483,1.435
1760709607.2593534,1.313,1.423
1760709607.265241,1.405,1.421
1760709607.2705965,1.578,1.437
1760709607.2760317,1.504,1.444
1760709607.281527,1.446,1.444
1760709607.2873604,1.448,1.444
1760709607.292775,1.559,1.456
1760709607.2982101,1.503,1.461
1760709607.3036673,1.339,1.448
1760709607.3090823,1.408,1.444
1760709607.3149164,1.54,1.454
1760709607.3205652,1.483,1.457
1760709607.3263977,1.306,1.442
1760709607.3318098,1.326,1.43
1760709607.3371403,1.534,1.441
1760709607.342775,1.432,1.44
1760709607.3481805,1.295,1.425
1760709607.3537755,1.457,1.428
1760709607.3591228,1.535,1.439
1760709607.3644202,1.409,1.436
1760709607.3697517,1.237,1.416
1760709607.3750794,1.351,1.41
1760709607.3804154,1.405,1.409
1760709607.3857436,1.361,1.404
1760709607.3910794,1.259,1.39
1760709607.3964083,1.382,1.389
1760709607.401761,1.612,1.411
1760709607.4070895,1.613,1.432
1760709607.4124193,1.42,1.43
1760709607.4177454,1.508,1.438
1760709607.4230733,1.627,1.457
1760709607.4284048,1.487,1.46
1760709607.433732,1.328,1.447
1760709607.4390624,1.38,1.44
1760709607.444437,1.525,1.449
1760709607.449859,1.442,1.448
1760709607.455411,1.308,1.434
1760709607.4608412,1.35,1.425
1760709607.4662547,1.462,1.429
1760709607.4720945,1.405,1.427
1760709607.4779782,1.262,1.41
1760709607.4838095,1.318,1.401
1760709607.489676,1.424,1.403
1760709607.4951158,1.385,1.401
1760709607.5009456,1.226,1.384
1760709607.5067763,1.308,1.376
1760709607.5126956,1.492,1.388
1760709607.5181313,1.426,1.392
1760709607.5235734,1.302,1.383
1760709607.5294478,1.455,1.39
1760709607.535277,1.581,1.409
1760709607.5411181,1.517,1.42
1760709607.5465908,1.384,1.416
1760709607.5524213,1.432,1.418
1760709607.5579758,1.573,1.433
1760709607.5634108,1.526,1.443
1760709607.5687509,1.32,1.43
1760709607.5740805,1.331,1.421
1760709607.5794153,1.455,1.424
1760709607.5847442,1.42,1.424
1760709607.590071,1.202,1.401
1760709607.595409,1.341,1.395
1760709607.6007526,1.563,1.412
1760709607.6060839,1.53,1.424
1760709607.6114771,1.31,1.412
1760709607.6168275,1.552,1.426
1760709607.6221578,1.738,1.458
1760709607.6274889,1.83,1.495
1760709607.6328187,1.609,1.506
1760709607.6381488,1.68,1.524
1760709607.6440415,1.839,1.555
1760709607.6494136,1.663,1.566
1760709607.6547387,1.452,1.555
1760709607.660476,1.509,1.55
1760709607.6659236,1.683,1.563
1760709607.671878,1.664,1.573
1760709607.6775403,1.403,1.556
1760709607.6833446,1.445,1.545
1760709607.688789,1.635,1.554
1760709607.6942418,1.56,1.555
1760709607.6998491,1.315,1.531
1760709607.7053185,1.393,1.517
1760709607.710941,1.58,1.523
1760709607.7163525,1.542,1.525
1760709607.721781,1.371,1.51
1760709607.7274034,1.355,1.494
1760709607.7328284,1.586,1.503
1760709607.7382448,1.527,1.506
1760709607.7438557,1.236,1.479
1760709607.7493117,1.34,1.465
1760709607.7549512,1.55,1.473
1760709607.7607887,1.509,1.477
1760709607.766619,1.256,1.455
1760709607.7724519,1.343,1.444
1760709607.777966,1.534,1.453
1760709607.783797,1.4,1.447
1760709607.7896445,1.189,1.422
1760709607.7950954,1.292,1.409
1760709607.8009493,1.559,1.424
1760709607.806429,1.47,1.428
1760709607.8118615,1.259,1.411
1760709607.8173258,1.364,1.407
1760709607.8227556,1.569,1.423
1760709607.8285933,1.545,1.435
1760709607.8339942,1.263,1.418
1760709607.8394418,1.342,1.41
1760709607.8449185,1.604,1.43
1760709607.850329,1.587,1.445
1760709607.8562136,1.255,1.426
1760709607.8616338,1.345,1.418
1760709607.8674679,1.572,1.434
1760709607.87334,1.481,1.438
1760709607.8791666,1.227,1.417
1760709607.884899,1.387,1.414
1760709607.8908534,1.584,1.431
1760709607.8966827,1.498,1.438
1760709607.902181,1.237,1.418
1760709607.908023,1.404,1.416
1760709607.9135818,1.608,1.436
1760709607.9189172,1.485,1.44
1760709607.9243994,1.237,1.42
1760709607.929743,1.354,1.414
1760709607.935076,1.563,1.428
1760709607.9404042,1.494,1.435
1760709607.9460332,1.237,1.415
1760709607.951364,1.371,1.411
1760709607.9567,1.595,1.429
1760709607.9620337,1.494,1.436
1760709607.9673626,1.281,1.42
1760709607.9727054,1.397,1.418
1760709607.9780343,1.617,1.438
1760709607.9838653,1.519,1.446
1760709607.9895396,1.337,1.435
1760709607.9949708,1.429,1.434
1760709608.0007694,1.675,1.458
1760709608.0061061,1.55,1.468
1760709608.0115168,1.334,1.454
1760709608.0168426,1.442,1.453
1760709608.0221705,1.663,1.474
1760709608.0277803,1.548,1.481
1760709608.0334508,1.294,1.463
1760709608.0390296,1.401,1.457
1760709608.044508,1.621,1.473
1760709608.0499115,1.519,1.478
1760709608.0553336,1.319,1.462
1760709608.0610054,1.431,1.459
1760709608.0721974,1.264,1.42
1760709608.0777936,1.379,1.416
1760709608.0832124,1.497,1.424
1760709608.0888295,1.35,1.417
1760709608.094279,1.199,1.395
1760709608.0997145,1.445,1.4
1760709608.1051514,1.503,1.41
1760709608.110567,1.33,1.402
1760709608.1159873,1.237,1.386
1760709608.1218228,1.32,1.379
1760709608.1276488,1.569,1.398
1760709608.13354,1.493,1.408
1760709608.1392446,1.301,1.397
1760709608.1446648,1.43,1.4
1760709608.1500912,1.584,1.419
1760709608.1556134,1.376,1.415
1760709608.1615322,1.205,1.394
1760709608.1670437,1.302,1.384
1760709608.1728804,1.484,1.394
1760709608.1787126,1.304,1.385
1760709608.184388,1.127,1.359
1760709608.1900198,1.408,1.364
1760709608.1955695,1.471,1.375
1760709608.2014394,1.341,1.372
1760709608.2072732,1.308,1.365
1760709608.2131543,1.537,1.382
1760709608.2186394,1.59,1.403
1760709608.2240765,1.469,1.41
1760709608.2295198,1.288,1.397
1760709608.234946,1.44,1.402
1760709608.240777,1.516,1.413
1760709608.2466803,1.318,1.404
1760709608.2525125,1.173,1.381
1760709608.25796,1.362,1.379
1760709608.2638009,1.491,1.39
1760709608.269246,1.327,1.384
1760709608.2750793,1.227,1.368
1760709608.2809162,1.439,1.375
1760709608.2867515,1.585,1.396
1760709608.292706,1.302,1.387
1760709608.2981546,1.147,1.363
1760709608.3039963,1.519,1.378
1760709608.3094487,1.582,1.399
1760709608.314862,1.352,1.394
1760709608.32029,1.326,1.387
1760709608.3259645,1.484,1.397
1760709608.331403,1.543,1.412
1760709608.336827,1.354,1.406
1760709608.3421626,1.21,1.386
1760709608.3481185,1.398,1.387
1760709608.3539636,1.513,1.4
1760709608.3594048,1.31,1.391
1760709608.3653347,1.225,1.374
1760709608.371168,1.46,1.383
1760709608.3767862,1.578,1.402
1760709608.382227,1.305,1.393
1760709608.388136,1.237,1.377
1760709608.3939795,1.411,1.381
1760709608.3994293,1.513,1.394
1760709608.4053307,1.26,1.38
1760709608.4108422,1.182,1.361
1760709608.4162874,1.392,1.364
1760709608.4219368,1.525,1.38
1760709608.4277694,1.237,1.366
1760709608.4332473,1.206,1.35
1760709608.4390924,1.453,1.36
1760709608.444535,1.562,1.38
1760709608.4499595,1.339,1.376
1760709608.4552915,1.225,1.361
1760709608.4606242,1.414,1.366
1760709608.4659858,1.513,1.381
1760709608.47181,1.262,1.369
1760709608.4772968,1.117,1.344
1760709608.482764,1.371,1.347
1760709608.4886563,1.421,1.354
1760709608.4940937,1.345,1.353
1760709608.4995024,1.191,1.337
1760709608.5054042,1.477,1.351
1760709608.5112164,1.577,1.374
1760709608.5171359,1.423,1.378
1760709608.522556,1.237,1.364
1760709608.52839,1.472,1.375
1760709608.5338047,1.586,1.396
1760709608.5393858,1.368,1.393
1760709608.5453148,1.2,1.374
1760709608.5511427,1.356,1.372
1760709608.556972,1.509,1.386
1760709608.5624576,1.193,1.367
1760709608.5678828,1.096,1.34
1760709608.5733263,1.401,1.346
1760709608.5791667,1.547,1.366
1760709608.5848153,1.443,1.374
1760709608.590646,1.304,1.367
1760709608.596478,1.482,1.378
1760709608.601961,1.603,1.401
1760709608.6077878,1.381,1.399
1760709608.6136253,1.255,1.384
1760709608.619053,1.504,1.396
1760709608.624967,1.548,1.411
1760709608.6308033,1.311,1.401
1760709608.6364384,1.214,1.383
1760709608.641879,1.427,1.387
1760709608.6473236,1.561,1.404
1760709608.6531558,1.271,1.391
1760709608.6585708,1.359,1.388
1760709608.664372,1.522,1.401
1760709608.6697612,1.697,1.431
1760709608.675228,1.547,1.443
1760709608.6810143,1.439,1.442
1760709608.6864393,1.681,1.466
1760709608.6918974,1.725,1.492
1760709608.6977534,1.461,1.489
1760709608.7035973,1.295,1.469
1760709608.7090178,1.455,1.468
1760709608.7144158,1.535,1.475
1760709608.7198253,1.285,1.456
1760709608.725696,1.166,1.427
1760709608.7313693,1.354,1.419
1760709608.7372572,1.5,1.427
1760709608.7430906,1.185,1.403
1760709608.7485263,1.306,1.394
1760709608.7539897,1.442,1.398
1760709608.7593336,1.571,1.416
1760709608.7646658,1.511,1.425
1760709608.7700572,1.265,1.409
1760709608.7753873,1.621,1.43
1760709608.780829,1.642,1.452
1760709608.7863064,1.38,1.444
1760709608.792138,1.266,1.426
1760709608.7979753,1.471,1.431
1760709608.8038056,1.508,1.439
1760709608.809258,1.237,1.418
1760709608.8150966,1.158,1.392
1760709608.820844,1.38,1.391
1760709608.8262665,1.416,1.394
1760709608.8317137,1.176,1.372
1760709608.837561,1.217,1.356
1760709608.8433955,1.534,1.374
1760709608.8489273,1.62,1.399
1760709608.8543468,1.431,1.402
1760709608.8601804,1.346,1.396
1760709608.8656228,1.574,1.414
1760709608.8714602,1.638,1.436
1760709608.8774827,1.379,1.431
1760709608.8829062,1.277,1.415
1760709608.8887463,1.444,1.418
1760709608.8941817,1.479,1.424
1760709608.89962,1.237,1.406
1760709608.9055161,1.14,1.379
1760709608.9109254,1.45,1.386
1760709608.916256,1.501,1.398
1760709608.9218256,1.308,1.389
1760709608.927153,1.298,1.38
1760709608.9324837,1.418,1.383
1760709608.9378128,1.679,1.413
1760709608.943142,1.514,1.423
1760709608.9484713,1.388,1.42
1760709608.9538145,1.611,1.439
1760709608.9591439,1.756,1.471
1760709608.9644852,1.495,1.473
1760709608.969811,1.372,1.463
1760709608.9750304,1.513,1.468
1760709608.9804535,1.551,1.476
1760709608.9858856,1.253,1.454
1760709608.9917452,1.173,1.426
1760709608.9976156,1.417,1.425
1760709609.0029495,1.552,1.438
1760709609.0082784,1.355,1.429
1760709609.0137975,1.279,1.414
1760709609.0192187,1.429,1.416
1760709609.0246327,1.668,1.441
1760709609.0300446,1.51,1.448
1760709609.035458,1.307,1.434
1760709609.0408862,1.588,1.449
1760709609.046321,1.642,1.468
1760709609.05215,1.342,1.456
1760709609.057833,1.385,1.449
1760709609.0636625,1.595,1.463
1760709609.0690804,1.646,1.482
1760709609.0744896,1.422,1.476
1760709609.0803258,1.199,1.448
1760709609.0857313,1.509,1.454
1760709609.0911188,1.537,1.462
1760709609.0965276,1.293,1.445
1760709609.1019673,1.317,1.433
1760709609.107843,1.469,1.436
1760709609.113698,1.409,1.434
1760709609.1191068,1.213,1.411
1760709609.1245456,1.172,1.388
1760709609.130025,1.407,1.389
1760709609.1357617,1.494,1.4
1760709609.1412196,1.338,1.394
1760709609.1470826,1.234,1.378
1760709609.1529064,1.663,1.406
1760709609.1588871,1.701,1.436
1760709609.164352,1.455,1.438
1760709609.1697843,1.385,1.432
1760709609.1756175,1.517,1.441
1760709609.181273,1.532,1.45
1760709609.1871042,1.291,1.434
1760709609.192941,1.201,1.411
1760709609.1983843,1.421,1.412
1760709609.2038293,1.43,1.414
1760709609.2092853,1.259,1.398
1760709609.2147157,1.237,1.382
1760709609.220489,1.462,1.39
1760709609.2259693,1.523,1.403
1760709609.2314065,1.264,1.389
1760709609.2372844,1.143,1.365
1760709609.2431154,1.66,1.394
1760709609.2489598,1.715,1.426
1760709609.2543907,1.45,1.429
1760709609.2602143,1.418,1.428
1760709609.2656493,1.613,1.446
1760709609.2715964,1.617,1.463
1760709609.2775571,1.339,1.451
1760709609.2833865,1.285,1.434
1760709609.289262,1.492,1.44
1760709609.2950902,1.43,1.439
1760709609.3009205,1.237,1.419
1760709609.3067553,1.154,1.392
1760709609.3125937,1.545,1.408
1760709609.3180127,1.592,1.426
1760709609.3238573,1.276,1.411
1760709609.32939,1.328,1.403
1760709609.334798,1.552,1.418
1760709609.340137,1.591,1.435
1760709609.3455946,1.447,1.436
1760709609.351425,1.403,1.433
1760709609.356875,1.584,1.448
1760709609.36229,1.613,1.464
1760709609.3677151,1.342,1.452
1760709609.373568,1.212,1.428
1760709609.3793561,1.401,1.426
1760709609.3850002,1.403,1.423
1760709609.3908248,1.156,1.396
1760709609.396654,1.127,1.37
1760709609.4020748,1.237,1.356
1760709609.4077983,1.516,1.372
1760709609.4136543,1.354,1.37
1760709609.4190733,1.281,1.361
1760709609.4244974,1.53,1.378
1760709609.4304042,1.629,1.403
1760709609.4358466,1.449,1.408
1760709609.4413104,1.417,1.409
1760709609.4471433,1.678,1.436
1760709609.4525778,1.659,1.458
1760709609.4580145,1.405,1.453
1760709609.4638498,1.328,1.44
1760709609.4692998,1.494,1.446
1760709609.4751046,1.472,1.448
1760709609.4809458,1.158,1.419
1760709609.4867814,1.031,1.38
1760709609.4927046,1.411,1.383
1760709609.4981709,1.547,1.4
1760709609.5040147,1.31,1.391
1760709609.509501,1.259,1.378
1760709609.515339,1.569,1.397
1760709609.5208216,1.577,1.415
1760709609.5264564,1.295,1.403
1760709609.531878,1.328,1.395
1760709609.5377152,1.584,1.414
1760709609.5435443,1.565,1.429
1760709609.5493672,1.334,1.42
1760709609.5552049,1.301,1.408
1760709609.5607238,1.476,1.415
1760709609.5666487,1.431,1.416
1760709609.5724854,1.207,1.395
1760709609.578327,1.237,1.38
1760709609.5841637,1.442,1.386
1760709609.5898616,1.546,1.402
1760709609.5957575,1.31,1.393
1760709609.601601,1.317,1.385
1760709609.607436,1.509,1.398
1760709609.6133032,1.561,1.414
1760709609.6187477,1.371,1.41
1760709609.624273,1.333,1.402
1760709609.6297917,1.545,1.416
1760709609.6352103,1.468,1.421
1760709609.6410491,1.292,1.408
1760709609.646882,1.276,1.395
1760709609.65271,1.483,1.404
1760709609.658132,1.478,1.411
1760709609.6639743,1.26,1.396
1760709609.6694257,1.218,1.378
1760709609.6748605,1.469,1.387
1760709609.6806967,1.588,1.407
1760709609.6860855,1.237,1.39
1760709609.6915061,1.237,1.375
1760709609.6973705,1.583,1.396
1760709609.702795,1.65,1.421
1760709609.7082043,1.447,1.424
1760709609.7139819,1.41,1.422
1760709609.7194557,1.6,1.44
1760709609.7253199,1.624,1.459
1760709609.73116,1.352,1.448
1760709609.7371407,1.281,1.431
1760709609.742973,1.465,1.435
1760709609.7488165,1.458,1.437
1760709609.7542415,1.176,1.411
1760709609.7601254,1.173,1.387
1760709609.7655776,1.51,1.399
1760709609.7714071,1.59,1.418
1760709609.7772784,1.349,1.411
1760709609.7827501,1.293,1.4
1760709609.788581,1.587,1.418
1760709609.7939818,1.617,1.438
1760709609.799453,1.38,1.432
1760709609.8053215,1.329,1.422
1760709609.810906,1.572,1.437
1760709609.816751,1.528,1.446
1760709609.8221958,1.277,1.429
1760709609.8276975,1.121,1.398
1760709609.8336422,1.546,1.413
1760709609.83934,1.6,1.432
1760709609.8447974,1.255,1.414
1760709609.8506317,1.389,1.412
1760709609.8564603,1.662,1.437
1760709609.861886,1.586,1.452
1760709609.8674202,1.299,1.436
1760709609.8732922,1.269,1.42
1760709609.8791344,1.542,1.432
1760709609.8845618,1.566,1.445
1760709609.8904252,1.287,1.429
1760709609.896258,1.303,1.417
1760709609.9019608,1.492,1.424
1760709609.9078023,1.532,1.435
1760709609.9131422,1.285,1.42
1760709609.9184742,1.339,1.412
1760709609.9238052,1.552,1.426
1760709609.9291394,1.679,1.451
1760709609.9344738,1.341,1.44
1760709609.9398062,1.359,1.432
1760709609.945143,1.596,1.449
1760709609.950472,1.625,1.466
1760709609.9558058,1.326,1.452
1760709609.9614406,1.337,1.441
1760709609.9667766,1.555,1.452
1760709609.9722817,1.529,1.46
1760709609.9776542,1.237,1.437
1760709609.9830515,1.301,1.424
1760709609.9884334,1.54,1.435
1760709609.9937837,1.533,1.445
1760709609.9991379,1.314,1.432
1760709610.0045648,1.297,1.419
1760709610.010032,1.543,1.431
1760709610.0153,1.559,1.444
1760709610.0206673,1.276,1.427
1760709610.02601,1.377,1.422
1760709610.031342,1.617,1.442
1760709610.036683,1.566,1.454
1760709610.0420103,1.429,1.452
1760709610.0473373,1.393,1.446
1760709610.0526664,1.587,1.46
1760709610.0579958,1.531,1.467
1760709610.0633237,1.311,1.451
1760709610.068654,1.332,1.439
1760709610.0739832,1.58,1.454
1760709610.0793085,1.584,1.467
1760709610.084639,1.38,1.458
1760709610.0899658,1.448,1.457
1760709610.0952933,1.682,1.479
1760709610.1006207,1.715,1.503
1760709610.1059523,1.497,1.502
1760709610.1112814,1.495,1.502
1760709610.116617,1.675,1.519
1760709610.1219282,1.612,1.528
1760709610.1272607,1.403,1.516
1760709610.1325867,1.351,1.499
1760709610.137916,1.63,1.512
1760709610.1432452,1.568,1.518
1760709610.1485782,1.312,1.497
1760709610.1539247,1.319,1.48
1760709610.1592696,1.575,1.489
1760709610.164598,1.55,1.495
1760709610.1699436,1.312,1.477
1760709610.1752734,1.34,1.463
1760709610.1806045,1.572,1.474
1760709610.1859467,1.627,1.489
1760709610.191277,1.364,1.477
1760709610.196603,1.452,1.474
1760709610.2019336,1.634,1.49
1760709610.2072651,1.671,1.509
1760709610.2125943,1.329,1.491
1760709610.2179396,1.385,1.48
1760709610.2232692,1.575,1.49
1760709610.2285993,1.501,1.491
1760709610.2339506,1.276,1.469
1760709610.2393801,1.292,1.452
1760709610.2447386,1.517,1.458
1760709610.2502055,1.509,1.463
1760709610.2555404,1.316,1.448
1760709610.2608888,1.4,1.444
1760709610.2663143,1.637,1.463
1760709610.2716544,1.591,1.476
1760709610.277014,1.45,1.473
1760709610.2823513,1.537,1.479
1760709610.2876866,1.741,1.506
1760709610.2930264,1.682,1.523
1760709610.2984333,1.42,1.513
1760709610.3037772,1.438,1.505
1760709610.3091066,1.634,1.518
1760709610.3144305,1.588,1.525
1760709610.3197846,1.32,1.505
1760709610.3250835,1.371,1.491
1760709610.330416,1.586,1.501
1760709610.335754,1.615,1.512
1760709610.341093,1.404,1.501
1760709610.346425,1.516,1.503
1760709610.3517532,1.747,1.527
1760709610.35716,1.666,1.541
1760709610.3624878,1.442,1.531
1760709610.3678179,1.428,1.521
1760709610.3731472,1.639,1.533
1760709610.3784797,1.534,1.533
1760709610.3838277,1.332,1.513
1760709610.3895652,1.35,1.496
1760709610.3948984,1.571,1.504
1760709610.4002268,1.559,1.509
1760709610.4055655,1.366,1.495
1760709610.41089,1.28,1.474
1760709610.4162872,1.619,1.488
1760709610.421952,1.591,1.498
1760709610.4272814,1.372,1.486
1760709610.432606,1.393,1.476
1760709610.4379315,1.59,1.488
1760709610.4432583,1.559,1.495
1760709610.4486673,1.337,1.479
1760709610.454001,1.431,1.474
1760709610.4593327,1.696,1.496
1760709610.4646606,1.678,1.515
1760709610.4699874,1.474,1.511
1760709610.4753191,1.529,1.512
1760709610.480647,1.754,1.537
1760709610.485976,1.638,1.547
1760709610.4913142,1.321,1.524
1760709610.4966476,1.434,1.515
1760709610.501982,1.699,1.534
1760709610.5073123,1.627,1.543
1760709610.5126426,1.351,1.524
1760709610.5179772,1.347,1.506
1760709610.523309,1.624,1.518
1760709610.5286398,1.555,1.521
1760709610.5342402,1.308,1.5
1760709610.5395691,1.398,1.49
1760709610.5449016,1.668,1.508
1760709610.5502365,1.592,1.516
1760709610.5555801,1.353,1.5
1760709610.560911,1.45,1.495
1760709610.5662446,1.702,1.516
1760709610.5715728,1.642,1.528
1760709610.5769012,1.44,1.519
1760709610.5822592,1.509,1.518
1760709610.5875885,1.721,1.538
1760709610.5929198,1.674,1.552
1760709610.5982487,1.432,1.54
1760709610.6035767,1.526,1.539
1760709610.608941,1.766,1.561
1760709610.614277,1.724,1.578
1760709610.6196067,1.481,1.568
1760709610.624939,1.564,1.568
1760709610.6302712,1.797,1.591
1760709610.6355996,1.741,1.606
1760709610.6409295,1.443,1.589
1760709610.6462622,1.519,1.582
1760709610.651593,1.74,1.598
1760709610.656917,1.668,1.605
1760709610.6622458,1.407,1.585
1760709610.6675725,1.471,1.574
1760709610.672927,1.746,1.591
1760709610.6782532,1.638,1.596
1760709610.6835806,1.392,1.575
1760709610.6889882,1.483,1.566
1760709610.6943183,1.749,1.584
1760709610.6996467,1.736,1.599
1760709610.704974,1.419,1.581
1760709610.7103016,1.509,1.574
1760709610.715601,1.75,1.592
1760709610.720933,1.638,1.596
1760709610.726261,1.405,1.577
1760709610.731612,1.497,1.569
1760709610.7369397,1.723,1.585
1760709610.7422674,1.643,1.59
1760709610.7475953,1.326,1.564
1760709610.752928,1.483,1.556
1760709610.758235,1.688,1.569
1760709610.7635658,1.65,1.577
1760709610.7688997,1.38,1.558
1760709610.7742324,1.491,1.551
1760709610.779565,1.721,1.568
1760709610.7849972,1.668,1.578
1760709610.7903435,1.523,1.572
1760709610.7956867,1.616,1.577
1760709610.8010185,1.781,1.597
1760709610.8063495,1.7,1.607
1760709610.8119543,1.506,1.597
1760709610.8172975,1.59,1.597
1760709610.82263,1.736,1.611
1760709610.8279555,1.649,1.614
1760709610.833303,1.404,1.593
1760709610.8386376,1.471,1.581
1760709610.844291,1.688,1.592
1760709610.8496296,1.658,1.598
1760709610.8549724,1.408,1.579
1760709610.860301,1.521,1.573
1760709610.8659163,1.754,1.592
1760709610.8712413,1.777,1.61
1760709610.8765776,1.607,1.61
1760709610.8819392,1.663,1.615
1760709610.8872697,1.963,1.65
1760709610.892597,1.89,1.674
1760709610.8979244,1.597,1.666
1760709610.9032626,1.611,1.661
1760709610.9085925,1.775,1.672
1760709610.9139073,1.635,1.668
1760709610.9192386,1.388,1.64
1760709610.9245694,1.432,1.62
1760709610.9298992,1.648,1.622
1760709610.9352279,1.581,1.618
1760709610.9405763,1.343,1.591
1760709610.9459078,1.468,1.579
1760709610.951238,1.709,1.592
1760709610.95664,1.638,1.596
1760709610.9619772,1.455,1.582
1760709610.967304,1.629,1.587
1760709610.9726334,1.861,1.614
1760709610.9779632,1.83,1.636
1760709610.983289,1.561,1.628
1760709610.9886181,1.646,1.63
1760709610.9939773,1.849,1.652
1760709610.999302,1.74,1.661
1760709611.0046275,1.434,1.638
1760709611.009951,1.546,1.629
1760709611.0152822,1.758,1.642
1760709611.020604,1.663,1.644
1760709611.025929,1.409,1.62
1760709611.0316842,1.494,1.608
1760709611.0370097,1.771,1.624
1760709611.042338,1.74,1.636
1760709611.047666,1.484,1.62
1760709611.0529985,1.627,1.621
1760709611.058347,1.878,1.647
1760709611.0636725,1.748,1.657
1760709611.0689988,1.575,1.649
1760709611.074329,1.638,1.648
1760709611.0796583,1.844,1.667
1760709611.084991,1.737,1.674
1760709611.0903344,1.455,1.652
1760709611.0956657,1.514,1.638
1760709611.101115,1.722,1.647
1760709611.106492,1.625,1.645
1760709611.1118212,1.368,1.617
1760709611.117171,1.438,1.599
1760709611.1225095,1.648,1.604
1760709611.1282232,1.584,1.602
1760709611.133575,1.384,1.58
1760709611.1389034,1.53,1.575
1760709611.1442313,1.814,1.599
1760709611.149567,1.759,1.615
1760709611.1549027,1.555,1.609
1760709611.160236,1.665,1.615
1760709611.1655626,1.87,1.64
1760709611.1708925,1.792,1.655
1760709611.1762245,1.577,1.648
1760709611.181584,1.662,1.649
1760709611.1869152,1.791,1.663
1760709611.1922467,1.733,1.67
1760709611.1978328,1.475,1.651
1760709611.2031608,1.53,1.639
1760709611.2084956,1.726,1.647
1760709611.2140932,1.634,1.646
1760709611.2194195,1.405,1.622
1760709611.2247503,1.483,1.608
1760709611.2300773,1.766,1.624
1760709611.235407,1.603,1.622
1760709611.2407382,1.368,1.596
1760709611.2460692,1.426,1.579
1760709611.2513993,1.658,1.587
1760709611.25681,1.612,1.59
1760709611.26215,1.444,1.575
1760709611.2675147,1.414,1.559
1760709611.272846,1.685,1.572
1760709611.2781763,1.565,1.571
1760709611.2835028,1.32,1.546
1760709611.2888448,1.403,1.532
1760709611.2941751,1.6,1.538
1760709611.299506,1.569,1.541
1760709611.3048418,1.326,1.52
1760709611.310169,1.413,1.509
1760709611.3154995,1.61,1.519
1760709611.3208294,1.559,1.523
1760709611.3261604,1.326,1.504
1760709611.3314939,1.457,1.499
1760709611.3368816,1.663,1.515
1760709611.3422103,1.542,1.518
1760709611.3475456,1.328,1.499
1760709611.3528757,1.427,1.492
1760709611.358205,1.6,1.503
1760709611.3635325,1.471,1.499
1760709611.3688629,1.343,1.484
1760709611.3741899,1.457,1.481
1760709611.3795197,1.679,1.501
1760709611.384853,1.595,1.51
1760709611.3901832,1.348,1.494
1760709611.3955126,1.459,1.491
1760709611.4008439,1.679,1.509
1760709611.406171,1.558,1.514
1760709611.4115005,1.372,1.5
1760709611.4168139,1.511,1.501
1760709611.4221478,1.692,1.52
1760709611.4274786,1.594,1.528
1760709611.4328067,1.359,1.511
1760709611.4381351,1.633,1.523
1760709611.4434667,1.792,1.55
1760709611.4490862,1.741,1.569
1760709611.4544435,1.482,1.56
1760709611.459772,1.546,1.559
1760709611.4650998,1.72,1.575
1760709611.4704142,1.638,1.581
1760709611.4757452,1.426,1.566
1760709611.4811375,1.525,1.562
1760709611.4864645,1.7,1.575
1760709611.4917934,1.558,1.574
1760709611.4971213,1.367,1.553
1760709611.5024478,1.479,1.546
1760709611.5077803,1.716,1.563
1760709611.5131073,1.667,1.573
1760709611.5184379,1.509,1.567
1760709611.5237937,1.658,1.576
1760709611.5291245,1.871,1.605
1760709611.534454,1.759,1.621
1760709611.5403042,1.534,1.612
1760709611.5458531,1.575,1.608
1760709611.5511782,1.716,1.619
1760709611.5565052,1.575,1.615
1760709611.561918,1.352,1.589
1760709611.5672517,1.405,1.57
1760709611.5725856,1.56,1.569
1760709611.5779274,1.458,1.558
1760709611.583361,1.237,1.526
1760709611.5887613,1.369,1.51
1760709611.594126,1.614,1.521
1760709611.5994952,1.524,1.521
1760709611.6048725,1.347,1.504
1760709611.6102784,1.44,1.497
1760709611.6156807,1.807,1.528
1760709611.621023,1.665,1.542
1760709611.6263735,1.403,1.528
1760709611.6317146,1.534,1.529
1760709611.6370778,1.731,1.549
1760709611.642632,1.612,1.555
1760709611.6479676,1.349,1.534
1760709611.653528,1.393,1.52
1760709611.6588387,1.625,1.531
1760709611.664259,1.471,1.525
1760709611.6696718,1.195,1.492
1760709611.6750474,1.32,1.475
1760709611.6804314,1.567,1.484
1760709611.6858718,1.509,1.486
1760709611.6912653,1.315,1.469
1760709611.696645,1.368,1.459
1760709611.7020283,1.816,1.495
1760709611.707405,1.7,1.515
1760709611.7127886,1.517,1.516
1760709611.7181787,1.667,1.531
1760709611.7235694,1.828,1.56
1760709611.7288847,1.719,1.576
1760709611.7342324,1.442,1.563
1760709611.739566,1.488,1.555
1760709611.7448955,1.663,1.566
1760709611.7502654,1.514,1.561
1760709611.7556956,1.266,1.531
1760709611.7610989,1.314,1.51
1760709611.7664516,1.572,1.516
1760709611.7722223,1.534,1.518
1760709611.778235,1.339,1.5
1760709611.783616,1.463,1.496
1760709611.7892134,1.719,1.519
1760709611.7946813,1.604,1.527
1760709611.8000584,1.354,1.51
1760709611.8056061,1.529,1.512
1760709611.8109918,1.712,1.532
1760709611.8167417,1.593,1.538
1760709611.8221283,1.32,1.516
1760709611.8278823,1.426,1.507
1760709611.8332975,1.643,1.521
1760709611.8390515,1.473,1.516
1760709611.8444355,1.274,1.492
1760709611.8498514,1.376,1.48
1760709611.855244,1.626,1.495
1760709611.8609016,1.54,1.499
1760709611.8662748,1.378,1.487
1760709611.8716688,1.507,1.489
1760709611.877454,1.725,1.513
1760709611.8828316,1.574,1.519
1760709611.888581,1.349,1.502
1760709611.8939514,1.464,1.498
1760709611.899799,1.646,1.513
1760709611.9058375,1.526,1.514
1760709611.911219,1.319,1.495
1760709611.9165435,1.382,1.483
1760709611.9218695,1.576,1.493
1760709611.9271965,1.497,1.493
1760709611.932522,1.264,1.47
1760709611.9378479,1.369,1.46
1760709611.9431736,1.611,1.475
1760709611.9485078,1.478,1.476
1760709611.9538515,1.409,1.469
1760709611.9592638,1.508,1.473
1760709611.9647274,1.7,1.496
1760709611.970132,1.556,1.502
1760709611.975464,1.351,1.487
1760709611.9807909,1.435,1.481
1760709611.986116,1.601,1.493
1760709611.9917042,1.429,1.487
1760709611.9971025,1.281,1.466
1760709612.002542,1.393,1.459
1760709612.0079029,1.58,1.471
1760709612.0134945,1.492,1.473
1760709612.018889,1.315,1.457
1760709612.0244691,1.471,1.459
1760709612.0300088,1.683,1.481
1760709612.035488,1.586,1.492
1760709612.0408752,1.414,1.484
1760709612.0467687,1.497,1.485
1760709612.053018,1.715,1.508
1760709612.058413,1.539,1.511
1760709612.0641766,1.324,1.493
1760709612.0695806,1.443,1.488
1760709612.074973,1.638,1.503
1760709612.0805402,1.514,1.504
1760709612.0859256,1.297,1.483
1760709612.0920286,1.438,1.479
1760709612.097562,1.637,1.494
1760709612.1033242,1.535,1.499
1760709612.108716,1.276,1.476
1760709612.1141586,1.38,1.467
1760709612.1195486,1.565,1.477
1760709612.1249282,1.405,1.469
1760709612.1308196,1.38,1.461
1760709612.1362846,1.385,1.453
1760709612.1417506,1.574,1.465
1760709612.147619,1.413,1.46
1760709612.1538348,1.191,1.433
1760709612.1592574,1.297,1.419
1760709612.1652143,1.478,1.425
1760709612.170806,1.405,1.423
1760709612.1765604,1.293,1.41
1760709612.1819386,1.375,1.407
1760709612.1876912,1.535,1.419
1760709612.1934855,1.445,1.422
1760709612.198876,1.197,1.399
1760709612.2043226,1.289,1.388
1760709612.209746,1.646,1.414
1760709612.2155025,1.543,1.427
1760709612.2208796,1.393,1.424
1760709612.2266471,1.509,1.432
1760709612.2322536,1.762,1.465
1760709612.2378857,1.565,1.475
1760709612.2436485,1.33,1.461
1760709612.2490962,1.453,1.46
1760709612.254542,1.724,1.486
1760709612.260901,1.636,1.501
1760709612.2662873,1.493,1.5
1760709612.2726839,1.662,1.517
1760709612.2783265,1.949,1.56
1760709612.284186,1.921,1.596
1760709612.289645,1.745,1.611
1760709612.295117,1.795,1.629
1760709612.3008733,2.04,1.67
1760709612.3067026,1.895,1.693
1760709612.3124542,1.635,1.687
1760709612.318322,1.659,1.684
1760709612.3236885,1.769,1.693
1760709612.3292735,1.642,1.688
1760709612.3346546,1.38,1.657
1760709612.3400898,1.434,1.635
1760709612.3454366,1.608,1.632
1760709612.3508794,1.461,1.615
1760709612.3562105,1.289,1.582
1760709612.3616211,1.297,1.554
1760709612.3670018,1.616,1.56
1760709612.3723226,1.575,1.561
1760709612.3776476,1.31,1.536
1760709612.3829741,1.458,1.528
1760709612.388299,1.689,1.545
1760709612.3938017,1.529,1.543
1760709612.3991275,1.229,1.512
1760709612.4044507,1.356,1.496
1760709612.4098506,1.509,1.497
1760709612.415186,1.379,1.485
1760709612.4205105,1.22,1.459
1760709612.425837,1.289,1.442
1760709612.4311678,1.446,1.442
1760709612.4364967,1.334,1.431
1760709612.441826,1.19,1.407
1760709612.4471524,1.256,1.392
1760709612.452991,1.426,1.396
1760709612.4584033,1.368,1.393
1760709612.4646459,1.148,1.368
1760709612.4700236,1.363,1.368
1760709612.4755876,1.575,1.388
1760709612.4812613,1.427,1.392
1760709612.4874146,1.263,1.379
1760709612.4931743,1.361,1.378
1760709612.4987965,1.555,1.395
1760709612.5043283,1.431,1.399
1760709612.509808,1.26,1.385
1760709612.5152295,1.358,1.382
1760709612.5206409,1.495,1.393
1760709612.5260658,1.429,1.397
1760709612.5314622,1.295,1.387
1760709612.5373387,1.41,1.389
1760709612.5431745,1.613,1.411
1760709612.5490735,1.482,1.419
1760709612.5544844,1.289,1.406
1760709612.559953,1.409,1.406
1760709612.5653968,1.599,1.425
1760709612.5707295,1.483,1.431
1760709612.5765374,1.318,1.42
1760709612.5819588,1.427,1.42
1760709612.5877836,1.558,1.434
1760709612.5936518,1.47,1.438
1760709612.5991738,1.274,1.421
1760709612.6045954,1.426,1.422
1760709612.6100156,1.553,1.435
1760709612.6154919,1.455,1.437
1760709612.620887,1.316,1.425
1760709612.6268601,1.442,1.427
1760709612.6326969,1.519,1.436
1760709612.6381726,1.562,1.449
1760709612.6441789,1.31,1.435
1760709612.6495628,1.437,1.435
1760709612.6552784,1.619,1.453
1760709612.660917,1.533,1.461
1760709612.6663253,1.421,1.457
1760709612.6717393,1.446,1.456
1760709612.6776025,1.617,1.472
1760709612.6830108,1.472,1.472
1760709612.6888468,1.276,1.453
1760709612.694299,1.423,1.45
1760709612.6997588,1.457,1.45
1760709612.70537,1.455,1.451
1760709612.7108417,1.33,1.439
1760709612.7163715,1.393,1.434
1760709612.7219665,1.538,1.445
1760709612.727831,1.422,1.442
1760709612.733692,1.301,1.428
1760709612.7392387,1.347,1.42
1760709612.7452586,1.482,1.426
1760709612.7507722,1.472,1.431
1760709612.7566016,1.313,1.419
1760709612.7620928,1.513,1.428
1760709612.767504,1.578,1.443
1760709612.7731326,1.499,1.449
1760709612.7789693,1.363,1.44
1760709612.7844076,1.476,1.444
1760709612.7898803,1.621,1.461
1760709612.795768,1.542,1.47
1760709612.801613,1.377,1.46
1760709612.8074777,1.442,1.458
1760709612.8129058,1.612,1.474
1760709612.818327,1.51,1.477
1760709612.8237836,1.332,1.463
1760709612.8292847,1.38,1.455
1760709612.8347018,1.518,1.461
1760709612.8401592,1.359,1.451
1760709612.8455522,1.276,1.433
1760709612.8513813,1.376,1.428
1760709612.8567932,1.491,1.434
1760709612.8621354,1.416,1.432
1760709612.8675432,1.269,1.416
1760709612.873443,1.354,1.41
1760709612.8792367,1.567,1.425
1760709612.88465,1.491,1.432
1760709612.8905213,1.334,1.422
1760709612.8963506,1.452,1.425
1760709612.9019675,1.607,1.443
1760709612.9078388,1.512,1.45
1760709612.9132934,1.376,1.443
1760709612.9186256,1.45,1.443
1760709612.9239545,1.567,1.456
1760709612.9293327,1.495,1.46
1760709612.9346628,1.369,1.451
1760709612.9400105,1.43,1.449
1760709612.9453647,1.538,1.458
1760709612.950697,1.523,1.464
1760709612.9560282,1.354,1.453
1760709612.9614491,1.509,1.459
1760709612.9668076,1.538,1.467
1760709612.9721882,1.48,1.468
1760709612.9775023,1.341,1.455
1760709612.982831,1.419,1.452
1760709612.9881604,1.578,1.464
1760709612.993596,1.497,1.468
1760709612.9990432,1.354,1.456
1760709613.0045133,1.432,1.454
1760709613.0099394,1.599,1.468
1760709613.0153491,1.543,1.476
1760709613.0207815,1.369,1.465
1760709613.026197,1.436,1.462
1760709613.031549,1.577,1.474
1760709613.0369682,1.411,1.467
1760709613.0424447,1.38,1.459
1760709613.0480783,1.407,1.453
1760709613.053806,1.525,1.461
1760709613.0592384,1.417,1.456
1760709613.065142,1.354,1.446
1760709613.0709558,1.411,1.443
1760709613.076821,1.55,1.453
1760709613.0822327,1.449,1.453
1760709613.0880606,1.426,1.45
1760709613.0939162,1.514,1.457
1760709613.0993662,1.609,1.472
1760709613.1052454,1.533,1.478
1760709613.1106577,1.43,1.473
1760709613.1160762,1.484,1.474
1760709613.121931,1.556,1.483
1760709613.1273508,1.519,1.486
1760709613.133177,1.306,1.468
1760709613.1386566,1.276,1.449
1760709613.1442242,1.613,1.465
1760709613.1496234,1.522,1.471
1760709613.155395,1.34,1.458
1760709613.1609082,1.405,1.453
1760709613.1668272,1.527,1.46
1760709613.1726582,1.498,1.464
1760709613.1784968,1.362,1.454
1760709613.184014,1.449,1.453
1760709613.18946,1.579,1.466
1760709613.1949024,1.457,1.465
1760709613.2003317,1.391,1.457
1760709613.2059884,1.475,1.459
1760709613.211819,1.586,1.472
1760709613.2173038,1.494,1.474
1760709613.223287,1.364,1.463
1760709613.2291322,1.417,1.458
1760709613.2349741,1.511,1.464
1760709613.2404044,1.451,1.462
1760709613.2458398,1.31,1.447
1760709613.2512517,1.483,1.451
1760709613.2570815,1.56,1.462
1760709613.2629094,1.504,1.466
1760709613.268362,1.382,1.458
1760709613.2738147,1.494,1.461
1760709613.2792628,1.588,1.474
1760709613.2847378,1.488,1.475
1760709613.290158,1.34,1.462
1760709613.2959871,1.384,1.454
1760709613.301822,1.577,1.466
1760709613.307658,1.48,1.468
1760709613.3135288,1.347,1.456
1760709613.3192174,1.419,1.452
1760709613.325093,1.493,1.456
1760709613.3310003,1.405,1.451
1760709613.3369467,1.35,1.441
1760709613.3422792,1.439,1.441
1760709613.3476713,1.54,1.451
1760709613.3535454,1.411,1.447
1760709613.35897,1.387,1.441
1760709613.3644075,1.444,1.441
1760709613.3697398,1.559,1.453
1760709613.3755684,1.43,1.45
1760709613.3811069,1.327,1.438
1760709613.3869364,1.411,1.435
1760709613.3927703,1.442,1.436
1760709613.3982081,1.426,1.435
1760709613.4040499,1.263,1.418
1760709613.4095902,1.384,1.414
1760709613.4154997,1.485,1.422
1760709613.420938,1.38,1.417
1760709613.4268308,1.271,1.403
1760709613.432656,1.384,1.401
1760709613.4380858,1.52,1.413
1760709613.4439807,1.365,1.408
1760709613.4493122,1.293,1.396
1760709613.4546473,1.429,1.4
1760709613.4599857,1.562,1.416
1760709613.4654856,1.512,1.426
1760709613.4713135,1.371,1.42
1760709613.4771457,1.471,1.425
1760709613.4829206,1.596,1.442
1760709613.488758,1.509,1.449
1760709613.4941847,1.308,1.435
1760709613.4996173,1.354,1.427
1760709613.505353,1.504,1.434
1760709613.5108197,1.393,1.43
1760709613.5162432,1.237,1.411
1760709613.521668,1.372,1.407
1760709613.527496,1.488,1.415
1760709613.5333605,1.445,1.418
1760709613.5392025,1.344,1.411
1760709613.545104,1.484,1.418
1760709613.5505214,1.536,1.43
1760709613.5563793,1.409,1.428
1760709613.5618253,1.288,1.414
1760709613.567265,1.431,1.416
1760709613.5732348,1.534,1.427
1760709613.5790768,1.457,1.43
1760709613.5845459,1.359,1.423
1760709613.589964,1.43,1.424
1760709613.5954192,1.521,1.434
1760709613.6012998,1.406,1.431
1760709613.6071315,1.286,1.416
1760709613.6129537,1.378,1.413
1760709613.618431,1.482,1.42
1760709613.623846,1.419,1.42
1760709613.6293168,1.317,1.409
1760709613.6347117,1.456,1.414
1760709613.64019,1.575,1.43
1760709613.645601,1.472,1.434
1760709613.651431,1.41,1.432
1760709613.6573222,1.553,1.444
1760709613.6632688,1.588,1.458
1760709613.6690135,1.455,1.458
1760709613.6748452,1.302,1.442
1760709613.6807017,1.392,1.437
1760709613.6861262,1.511,1.445
1760709613.6918216,1.388,1.439
1760709613.697671,1.252,1.42
1760709613.7035089,1.366,1.415
1760709613.709365,1.486,1.422
1760709613.715198,1.413,1.421
1760709613.720836,1.321,1.411
1760709613.7267654,1.455,1.415
1760709613.7326398,1.566,1.43
1760709613.7380798,1.484,1.436
1760709613.7439167,1.375,1.43
1760709613.7493834,1.459,1.433
1760709613.7548053,1.614,1.451
1760709613.7606356,1.455,1.451
1760709613.7660565,1.384,1.445
1760709613.771883,1.445,1.445
1760709613.7777357,1.537,1.454
1760709613.7835674,1.408,1.449
1760709613.7892308,1.297,1.434
1760709613.7947147,1.423,1.433
1760709613.800542,1.517,1.441
1760709613.8063731,1.448,1.442
1760709613.8117943,1.351,1.433
1760709613.8172655,1.492,1.439
1760709613.8230987,1.586,1.453
1760709613.828995,1.472,1.455
1760709613.8344202,1.403,1.45
1760709613.8401518,1.445,1.449
1760709613.8460698,1.566,1.461
1760709613.8518963,1.48,1.463
1760709613.85774,1.294,1.446
1760709613.863684,1.367,1.438
1760709613.8692386,1.498,1.444
1760709613.8746457,1.411,1.441
1760709613.8800702,1.316,1.428
1760709613.8857415,1.431,1.429
1760709613.8915753,1.521,1.438
1760709613.8974347,1.397,1.434
1760709613.903271,1.341,1.424
1760709613.9086967,1.46,1.428
1760709613.914112,1.573,1.443
1760709613.9194481,1.434,1.442
1760709613.9247801,1.35,1.432
1760709613.9301116,1.511,1.44
1760709613.9354446,1.593,1.456
1760709613.9407766,1.444,1.454
1760709613.9461458,1.419,1.451
1760709613.9514816,1.508,1.457
1760709613.956824,1.635,1.474
1760709613.96218,1.459,1.473
1760709613.96756,1.401,1.466
1760709613.9729674,1.467,1.466
1760709613.978321,1.513,1.471
1760709613.9836535,1.418,1.465
1760709613.9889832,1.186,1.437
1760709613.9943998,1.269,1.421
1760709613.999864,1.426,1.421
1760709614.0052793,1.366,1.416
1760709614.0106273,1.285,1.403
1760709614.0159822,1.452,1.408
1760709614.0213382,1.581,1.425
1760709614.026773,1.508,1.433
1760709614.032186,1.356,1.425
1760709614.0378633,1.524,1.435
1760709614.0436912,1.745,1.466
1760709614.0491116,1.55,1.475
1760709614.0549557,1.385,1.466
1760709614.0608118,1.474,1.467
1760709614.0662901,1.617,1.482
1760709614.0721157,1.418,1.475
1760709614.077961,1.334,1.461
1760709614.083821,1.494,1.464
1760709614.0893018,1.58,1.476
1760709614.09473,1.496,1.478
1760709614.1005573,1.384,1.469
1760709614.1063929,1.543,1.476
1760709614.1118624,1.624,1.491
1760709614.1177185,1.484,1.49
1760709614.1232812,1.374,1.479
1760709614.1287026,1.365,1.467
1760709614.1341379,1.635,1.484
1760709614.1395512,1.563,1.492
1760709614.1449664,1.38,1.481
1760709614.1503723,1.427,1.475
1760709614.1562028,1.478,1.476
1760709614.1619966,1.349,1.463
1760709614.1674757,1.267,1.443
1760709614.173373,1.436,1.443
1760709614.1791563,1.534,1.452
1760709614.1845453,1.405,1.447
1760709614.190004,1.261,1.429
1760709614.1959288,1.278,1.414
1760709614.2017736,1.606,1.433
1760709614.2076302,1.498,1.439
1760709614.2135048,1.346,1.43
1760709614.2189372,1.545,1.441
1760709614.2248223,1.611,1.458
1760709614.2306545,1.48,1.461
1760709614.236042,1.404,1.455
1760709614.2418554,1.526,1.462
1760709614.2476835,1.584,1.474
1760709614.2535377,1.444,1.471
1760709614.2591922,1.355,1.46
1760709614.2651544,1.669,1.481
1760709614.2705693,1.78,1.51
1760709614.2759924,1.662,1.526
1760709614.281493,1.586,1.532
1760709614.287325,1.69,1.548
1760709614.2931554,1.701,1.563
1760709614.2989938,1.513,1.558
1760709614.3048296,1.426,1.545
1760709614.31024,1.507,1.541
1760709614.3157198,1.552,1.542
1760709614.3215919,1.302,1.518
1760709614.3274233,1.328,1.499
1760709614.3328366,1.428,1.492
1760709614.338257,1.409,1.484
1760709614.3436959,1.411,1.476
1760709614.3490067,1.352,1.464
1760709614.3544219,1.478,1.465
1760709614.360255,1.466,1.465
1760709614.3657372,1.146,1.433
1760709614.3715696,1.037,1.394
1760709614.377442,1.205,1.375
1760709614.3832707,1.514,1.389
1760709614.3891077,1.293,1.379
1760709614.3945286,1.221,1.363
1760709614.3999884,1.482,1.375
1760709614.4054594,1.625,1.4
1760709614.4108803,1.416,1.402
1760709614.4167097,1.162,1.378
1760709614.422108,1.328,1.373
1760709614.4279351,1.447,1.38
1760709614.4337873,1.378,1.38
1760709614.4392118,1.314,1.373
1760709614.444669,1.437,1.38
1760709614.4500856,1.547,1.396
1760709614.4555106,1.393,1.396
1760709614.4609478,1.258,1.382
1760709614.4663837,1.273,1.371
1760709614.4722154,1.468,1.381
1760709614.4779685,1.336,1.377
1760709614.483802,1.256,1.364
1760709614.489238,1.444,1.372
1760709614.4947217,1.622,1.397
1760709614.5001135,1.359,1.394
1760709614.5055504,1.29,1.383
1760709614.5110276,1.488,1.394
1760709614.5164444,1.606,1.415
1760709614.5219693,1.372,1.411
1760709614.5278072,1.321,1.402
1760709614.5336444,1.677,1.429
1760709614.5391748,1.74,1.46
1760709614.5445967,1.516,1.466
1760709614.5500581,1.42,1.461
1760709614.5560334,1.557,1.471
1760709614.561522,1.71,1.495
1760709614.5674047,1.534,1.499
1760709614.5732813,1.434,1.492
1760709614.5791278,1.661,1.509
1760709614.5847316,1.754,1.534
1760709614.5901392,1.53,1.533
1760709614.5956118,1.421,1.522
1760709614.6014838,1.604,1.53
1760709614.6073112,1.715,1.549
1760709614.6131318,1.44,1.538
1760709614.6185508,1.4,1.524
1760709614.623986,1.633,1.535
1760709614.6294477,1.796,1.561
1760709614.6352873,1.585,1.563
1760709614.6407757,1.484,1.555
1760709614.6461928,1.647,1.565
1760709614.6520188,1.729,1.581
1760709614.6578803,1.471,1.57
1760709614.6637182,1.38,1.551
1760709614.6691475,1.6,1.556
1760709614.6745586,1.677,1.568
1760709614.6803913,1.459,1.557
1760709614.6858118,1.355,1.537
1760709614.6912177,1.567,1.54
1760709614.697043,1.766,1.563
1760709614.7028759,1.581,1.564
1760709614.7083583,1.508,1.559
1760709614.7139776,1.733,1.576
1760709614.719474,1.783,1.597
1760709614.725143,1.586,1.596
1760709614.7305512,1.523,1.589
1760709614.736404,1.682,1.598
1760709614.7418485,1.746,1.613
1760709614.7476711,1.538,1.605
1760709614.7535496,1.467,1.591
1760709614.7591965,1.656,1.598
1760709614.7650816,1.753,1.613
1760709614.771028,1.466,1.599
1760709614.776865,1.482,1.587
1760709614.7826965,1.599,1.588
1760709614.7885342,1.612,1.591
1760709614.7939513,1.446,1.576
1760709614.7998085,1.385,1.557
1760709614.8052647,1.521,1.553
1760709614.8106818,1.494,1.547
1760709614.8161187,1.297,1.522
1760709614.8215542,1.215,1.492
1760709614.827384,1.401,1.483
1760709614.832816,1.509,1.485
1760709614.8382223,1.323,1.469
1760709614.844071,1.305,1.453
1760709614.8495276,1.495,1.457
1760709614.8549423,1.638,1.475
1760709614.860373,1.343,1.462
1760709614.8658233,1.38,1.454
1760709614.8716526,1.596,1.468
1760709614.8775172,1.621,1.483
1760709614.8833418,1.38,1.473
1760709614.8891592,1.351,1.461
1760709614.8945897,1.572,1.472
1760709614.9004922,1.571,1.482
1760709614.905978,1.452,1.479
1760709614.9114063,1.403,1.471
1760709614.91674,1.643,1.488
1760709614.9220717,1.629,1.503
1760709614.9274018,1.455,1.498
1760709614.9327292,1.329,1.481
1760709614.938059,1.56,1.489
1760709614.9433901,1.664,1.506
1760709614.9487605,1.406,1.496
1760709614.9540968,1.39,1.486
1760709614.9594352,1.617,1.499
1760709614.9647784,1.677,1.517
1760709614.9701064,1.439,1.509
1760709614.975462,1.397,1.498
1760709614.9807487,1.584,1.506
1760709614.9860735,1.596,1.515
1760709614.9915905,1.371,1.501
1760709614.9974651,1.363,1.487
1760709615.002868,1.543,1.493
1760709615.0082026,1.579,1.501
1760709615.014001,1.398,1.491
1760709615.019396,1.354,1.477
1760709615.0247302,1.558,1.485
1760709615.0306158,1.592,1.496
1760709615.0364726,1.408,1.487
1760709615.0421317,1.378,1.476
1760709615.047957,1.553,1.484
1760709615.053747,1.596,1.495
1760709615.059203,1.418,1.487
1760709615.065057,1.407,1.479
1760709615.070469,1.638,1.495
1760709615.0758784,1.363,1.482
1760709615.081445,1.418,1.475
1760709615.087309,1.434,1.471
1760709615.0931392,1.629,1.487
1760709615.0985558,1.64,1.502
1760709615.1040938,1.401,1.492
1760709615.1095245,1.354,1.478
1760709615.1150756,1.613,1.492
1760709615.1206605,1.691,1.512
1760709615.126093,1.456,1.506
1760709615.131502,1.43,1.499
1760709615.1373801,1.689,1.518
1760709615.1432118,1.727,1.539
1760709615.1489038,1.517,1.536
1760709615.154776,1.453,1.528
1760709615.1606266,1.819,1.557
1760709615.166046,1.853,1.587
1760709615.1713896,1.609,1.589
1760709615.1767979,1.553,1.585
1760709615.1822057,1.766,1.603
1760709615.1880326,1.769,1.62
1760709615.1938858,1.455,1.604
1760709615.1992965,1.352,1.578
1760709615.2051528,1.556,1.576
1760709615.2105947,1.571,1.576
1760709615.2160249,1.261,1.544
1760709615.2218716,1.184,1.508
1760709615.2277048,1.429,1.5
1760709615.2335536,1.461,1.496
1760709615.2391622,1.186,1.465
1760709615.245078,1.119,1.431
1760709615.2510223,1.386,1.426
1760709615.2568526,1.467,1.43
1760709615.2626839,1.215,1.409
1760709615.268534,1.209,1.389
1760709615.2739391,1.469,1.397
1760709615.2793946,1.506,1.408
1760709615.2850852,1.233,1.39
1760709615.2909534,1.265,1.378
1760709615.2968724,1.495,1.39
1760709615.3027163,1.59,1.41
1760709615.3081949,1.328,1.401
1760709615.3139834,1.291,1.39
1760709615.3193944,1.562,1.408
1760709615.325263,1.623,1.429
1760709615.3311284,1.287,1.415
1760709615.336945,1.276,1.401
1760709615.3424199,1.614,1.422
1760709615.3480682,1.638,1.444
1760709615.3534172,1.368,1.436
1760709615.3587515,1.297,1.422
1760709615.3640807,1.635,1.444
1760709615.3694432,1.71,1.47
1760709615.3752391,1.435,1.467
1760709615.38098,1.364,1.456
1760709615.3863893,1.659,1.477
1760709615.392215,1.643,1.493
1760709615.3979776,1.303,1.474
1760709615.4038193,1.268,1.454
1760709615.4093494,1.575,1.466
1760709615.4147646,1.575,1.477
1760709615.420591,1.228,1.452
1760709615.4260142,1.342,1.441
1760709615.4314408,1.447,1.441
1760709615.4372215,1.488,1.446
1760709615.4430494,1.281,1.43
1760709615.448898,1.355,1.422
1760709615.454766,1.538,1.434
1760709615.4606082,1.611,1.451
1760709615.4660077,1.447,1.451
1760709615.4718363,1.354,1.441
1760709615.4776742,1.65,1.462
1760709615.4834924,1.636,1.479
1760709615.4891655,1.361,1.468
1760709615.4945784,1.318,1.453
1760709615.500443,1.499,1.457
1760709615.5059192,1.499,1.461
1760709615.5113332,1.182,1.434
1760709615.5171704,1.082,1.398
1760709615.523002,1.431,1.402
1760709615.5288434,1.397,1.401
1760709615.5342886,1.173,1.378
1760709615.54026,1.148,1.355
1760709615.5456846,1.521,1.372
1760709615.551511,1.57,1.392
1760709615.5574722,1.15,1.367
1760709615.5630996,1.26,1.357
1760709615.5684276,1.564,1.377
1760709615.5737562,1.607,1.4
1760709615.5790865,1.319,1.392
1760709615.5844152,1.287,1.382
1760709615.5900373,1.574,1.401
1760709615.595373,1.579,1.419
1760709615.600705,1.227,1.399
1760709615.606033,1.222,1.382
1760709615.6113617,1.564,1.4
1760709615.6166933,1.58,1.418
1760709615.6220248,1.26,1.402
1760709615.6273553,1.297,1.392
1760709615.6326907,1.538,1.406
1760709615.638067,1.614,1.427
1760709615.6435158,1.326,1.417
1760709615.6489573,1.333,1.409
1760709615.6543636,1.646,1.432
1760709615.6598372,1.638,1.453
1760709615.6653273,1.301,1.438
1760709615.6711535,1.289,1.423
1760709615.6765778,1.601,1.441
1760709615.681991,1.562,1.453
1760709615.6878197,1.208,1.428
1760709615.693667,1.199,1.405
1760709615.6991022,1.534,1.418
1760709615.7045565,1.58,1.434
1760709615.7099805,1.212,1.412
1760709615.7158325,1.343,1.405
1760709615.7212915,1.689,1.434
1760709615.727188,1.706,1.461
1760709615.7326093,1.366,1.451
1760709615.7380424,1.382,1.444
1760709615.7438781,1.73,1.473
1760709615.7493644,1.713,1.497
1760709615.7547865,1.345,1.482
1760709615.760622,1.364,1.47
1760709615.7660923,1.638,1.487
1760709615.7719169,1.588,1.497
1760709615.7777555,1.281,1.475
1760709615.7835827,1.291,1.457
1760709615.7891328,1.571,1.468
1760709615.794581,1.563,1.478
1760709615.8000412,1.222,1.452
1760709615.805512,1.199,1.427
1760709615.811396,1.599,1.444
1760709615.8173132,1.55,1.455
1760709615.8231637,1.237,1.433
1760709615.8290029,1.322,1.422
1760709615.834428,1.596,1.439
1760709615.8402576,1.538,1.449
1760709615.8457198,1.293,1.434
1760709615.851549,1.294,1.42
1760709615.8574216,1.527,1.43
1760709615.8632545,1.639,1.451
1760709615.8686821,1.388,1.445
1760709615.874624,1.359,1.436
1760709615.8800652,1.524,1.445
1760709615.8855653,1.566,1.457
1760709615.8910053,1.237,1.435
1760709615.896831,1.263,1.418
1760709615.9027689,1.624,1.438
1760709615.9082484,1.355,1.43
1760709615.913931,1.21,1.408
1760709615.919263,1.321,1.399
1760709615.9245927,1.578,1.417
1760709615.9299192,1.617,1.437
1760709615.9352605,1.342,1.428
1760709615.9406428,1.306,1.416
1760709615.9459913,1.637,1.438
1760709615.9513376,1.621,1.456
1760709615.9566805,1.26,1.436
1760709615.962073,1.219,1.415
1760709615.9674423,1.506,1.424
1760709615.972769,1.527,1.434
1760709615.978136,1.197,1.41
1760709615.9837487,1.216,1.391
1760709615.9891644,1.575,1.409
1760709615.9945807,1.538,1.422
1760709615.9999938,1.237,1.404
1760709616.00535,1.278,1.391
1760709616.0106885,1.584,1.41
1760709616.016091,1.558,1.425
1760709616.0218043,1.256,1.408
1760709616.0273235,1.304,1.398
1760709616.0329332,1.607,1.419
1760709616.038359,1.537,1.431
1760709616.043919,1.205,1.408
1760709616.0494862,1.331,1.4
1760709616.0549583,1.684,1.429
1760709616.0605676,1.608,1.447
1760709616.0659852,1.253,1.427
1760709616.0715973,1.258,1.41
1760709616.0772655,1.567,1.426
1760709616.0827627,1.561,1.44
1760709616.0885935,1.28,1.424
1760709616.0940416,1.31,1.412
1760709616.0994654,1.612,1.432
1760709616.104904,1.586,1.448
1760709616.110325,1.225,1.425
1760709616.1158233,1.218,1.405
1760709616.1216698,1.582,1.422
1760709616.127507,1.588,1.439
1760709616.1329253,1.346,1.43
1760709616.138401,1.391,1.426
1760709616.1441147,1.617,1.445
1760709616.149562,1.529,1.453
1760709616.1553266,1.14,1.422
1760709616.160827,1.237,1.403
1760709616.1666799,1.607,1.424
1760709616.172515,1.567,1.438
1760709616.1779735,1.234,1.418
1760709616.1838171,1.289,1.405
1760709616.189292,1.621,1.427
1760709616.1947482,1.586,1.442
1760709616.2001915,1.263,1.425
1760709616.2056875,1.302,1.412
1760709616.2112231,1.584,1.429
1760709616.2170556,1.442,1.431
1760709616.2229242,1.21,1.409
1760709616.228767,1.217,1.389
1760709616.2342467,1.585,1.409
1760709616.2400844,1.608,1.429
1760709616.245521,1.285,1.414
1760709616.2513428,1.279,1.401
1760709616.2571719,1.671,1.428
1760709616.2630033,1.64,1.449
1760709616.2688572,1.302,1.434
1760709616.2742882,1.397,1.431
1760709616.2797081,1.71,1.459
1760709616.285162,1.634,1.476
1760709616.2905753,1.221,1.451
1760709616.2962203,1.278,1.433
1760709616.3019614,1.442,1.434
1760709616.3077915,1.484,1.439
1760709616.3136399,1.163,1.412
1760709616.3191059,1.236,1.394
1760709616.3249385,1.542,1.409
1760709616.3303516,1.54,1.422
1760709616.3357592,1.282,1.408
1760709616.3411644,1.305,1.398
1760709616.3464935,1.617,1.42
1760709616.351881,1.688,1.446
1760709616.357226,1.364,1.438
1760709616.3626156,1.393,1.434
1760709616.3679402,1.633,1.454
1760709616.3732836,1.582,1.466
1760709616.378704,1.281,1.448
1760709616.3841488,1.277,1.431
1760709616.3894637,1.598,1.448
1760709616.3949215,1.496,1.452
1760709616.4003992,1.172,1.424
1760709616.4058151,1.288,1.411
1760709616.4114714,1.538,1.423
1760709616.417313,1.511,1.432
1760709616.4231467,1.199,1.409
1760709616.4290802,1.262,1.394
1760709616.4345016,1.608,1.416
1760709616.439948,1.588,1.433
1760709616.4454048,1.323,1.422
1760709616.451229,1.365,1.416
1760709616.4570572,1.609,1.435
1760709616.4625752,1.595,1.451
1760709616.4679997,1.302,1.436
1760709616.4734652,1.378,1.431
1760709616.4791093,1.612,1.449
1760709616.4850159,1.535,1.457
1760709616.4904423,1.274,1.439
1760709616.4963803,1.311,1.426
1760709616.5019033,1.586,1.442
1760709616.50774,1.543,1.452
1760709616.5135927,1.276,1.435
1760709616.5190227,1.302,1.421
1760709616.5249326,1.536,1.433
1760709616.530775,1.495,1.439
1760709616.536188,1.237,1.419
1760709616.5418432,1.304,1.407
1760709616.54727,1.562,1.423
1760709616.553106,1.496,1.43
1760709616.5585258,1.237,1.411
1760709616.5640988,1.302,1.4
1760709616.5696216,1.548,1.415
1760709616.5754492,1.488,1.422
1760709616.5813332,1.281,1.408
1760709616.5868022,1.342,1.401
1760709616.5926373,1.57,1.418
1760709616.5980763,1.524,1.429
1760709616.6035116,1.292,1.415
1760709616.609096,1.343,1.408
1760709616.6149275,1.595,1.427
1760709616.620335,1.537,1.438
1760709616.625974,1.334,1.427
1760709616.631489,1.39,1.423
1760709616.6374807,1.609,1.442
1760709616.6433105,1.532,1.451
1760709616.6490164,1.351,1.441
1760709616.6544406,1.416,1.439
1760709616.6602762,1.624,1.457
1760709616.6656983,1.538,1.465
1760709616.671565,1.41,1.46
1760709616.6774323,1.377,1.451
1760709616.6832569,1.574,1.464
1760709616.6891024,1.54,1.471
1760709616.6945472,1.364,1.461
1760709616.7001219,1.375,1.452
1760709616.7056224,1.572,1.464
1760709616.7114615,1.534,1.471
1760709616.7173412,1.269,1.451
1760709616.7231748,1.317,1.437
1760709616.7290149,1.622,1.456
1760709616.734423,1.537,1.464
1760709616.7398627,1.199,1.438
1760709616.745342,1.384,1.432
1760709616.75122,1.576,1.447
1760709616.7570624,1.513,1.453
1760709616.762513,1.307,1.439
1760709616.7679384,1.311,1.426
1760709616.7733974,1.543,1.438
1760709616.779158,1.503,1.444
1760709616.784641,1.289,1.429
1760709616.7904706,1.365,1.422
1760709616.7963011,1.553,1.435
1760709616.8019593,1.491,1.441
1760709616.8077898,1.286,1.425
1760709616.8136344,1.354,1.418
1760709616.819063,1.495,1.426
1760709616.824893,1.534,1.437
1760709616.8307924,1.328,1.426
1760709616.836285,1.367,1.42
1760709616.8418398,1.595,1.437
1760709616.847668,1.53,1.447
1760709616.8535435,1.356,1.438
1760709616.859095,1.447,1.439
1760709616.8649936,1.626,1.457
1760709616.8703425,1.571,1.469
1760709616.8757637,1.37,1.459
1760709616.8812296,1.453,1.458
1760709616.8866396,1.608,1.473
1760709616.8920622,1.564,1.482
1760709616.897914,1.378,1.472
1760709616.9037569,1.403,1.465
1760709616.9092348,1.569,1.475
1760709616.914649,1.534,1.481
1760709616.920262,1.354,1.469
1760709616.9260106,1.387,1.46
1760709616.9313416,1.524,1.467
1760709616.936673,1.501,1.47
1760709616.9420035,1.354,1.458
1760709616.947334,1.405,1.453
1760709616.9526665,1.621,1.47
1760709616.9579918,1.522,1.475
1760709616.963327,1.378,1.465
1760709616.9686437,1.369,1.456
1760709616.9740703,1.518,1.462
1760709616.9793947,1.484,1.464
1760709616.984743,1.328,1.451
1760709616.9900706,1.369,1.443
1760709616.9954002,1.562,1.454
1760709617.0007296,1.491,1.458
1760709617.0060563,1.285,1.441
1760709617.0113804,1.327,1.429
1760709617.0167117,1.508,1.437
1760709617.0220368,1.492,1.443
1760709617.027366,1.342,1.433
1760709617.0326922,1.278,1.417
1760709617.0380175,1.598,1.435
1760709617.043636,1.555,1.447
1760709617.0491014,1.354,1.438
1760709617.0549388,1.375,1.432
1760709617.060672,1.525,1.441
1760709617.0662043,1.501,1.447
1760709617.0720704,1.298,1.432
1760709617.0779345,1.326,1.421
1760709617.0833552,1.509,1.43
1760709617.089093,1.468,1.434
1760709617.0945895,1.276,1.418
1760709617.1004326,1.339,1.41
1760709617.105864,1.547,1.424
1760709617.1112902,1.479,1.429
1760709617.1171665,1.37,1.424
1760709617.1230345,1.458,1.427
1760709617.1288905,1.607,1.445
1760709617.134367,1.536,1.454
1760709617.1401453,1.349,1.444
1760709617.145556,1.33,1.432
1760709617.1513894,1.466,1.436
1760709617.1572695,1.496,1.442
1760709617.1631062,1.285,1.426
1760709617.168978,1.376,1.421
1760709617.1744647,1.524,1.431
1760709617.1803043,1.462,1.434
1760709617.1857285,1.26,1.417
1760709617.1915617,1.263,1.401
1760709617.1974258,1.455,1.407
1760709617.2033043,1.568,1.423
1760709617.2091064,1.371,1.418
1760709617.2149565,1.261,1.402
1760709617.2206438,1.471,1.409
1760709617.2260725,1.447,1.413
1760709617.2314935,1.31,1.402
1760709617.237515,1.355,1.398
1760709617.2433398,1.566,1.414
1760709617.2490861,1.532,1.426
1760709617.2549372,1.282,1.412
1760709617.2607708,1.333,1.404
1760709617.2663844,1.521,1.416
1760709617.2722201,1.534,1.428
1760709617.2780602,1.237,1.408
1760709617.2839665,1.38,1.406
1760709617.289431,1.725,1.438
1760709617.2948623,1.603,1.454
1760709617.3004763,1.382,1.447
1760709617.306376,1.415,1.444
1760709617.311796,1.612,1.461
1760709617.3176072,1.496,1.464
1760709617.32328,1.281,1.446
1760709617.3290803,1.341,1.435
1760709617.3344882,1.48,1.44
1760709617.3399088,1.501,1.446
1760709617.345282,1.279,1.429
1760709617.3506172,1.27,1.413
1760709617.3559482,1.584,1.43
1760709617.3613443,1.534,1.441
1760709617.3666806,1.372,1.434
1760709617.3720737,1.426,1.433
1760709617.3775194,1.663,1.456
1760709617.382865,1.559,1.466
1760709617.3881938,1.318,1.451
1760709617.3936365,1.355,1.442
1760709617.3990977,1.556,1.453
1760709617.404725,1.424,1.45
1760709617.4105556,1.233,1.429
1760709617.415973,1.35,1.421
1760709617.4214346,1.509,1.429
1760709617.4272635,1.406,1.427
1760709617.4327471,1.237,1.408
1760709617.4381735,1.404,1.408
1760709617.4440205,1.56,1.423
1760709617.4494457,1.524,1.433
1760709617.4553645,1.345,1.424
1760709617.4608765,1.461,1.428
1760709617.4663584,1.546,1.44
1760709617.4721882,1.558,1.451
1760709617.477977,1.364,1.443
1760709617.4838169,1.366,1.435
1760709617.489298,1.501,1.442
1760709617.4947257,1.388,1.436
1760709617.5005543,1.216,1.414
1760709617.5063891,1.319,1.405
1760709617.5118144,1.567,1.421
1760709617.5172904,1.384,1.417
1760709617.523127,1.264,1.402
1760709617.5289683,1.405,1.402
1760709617.5344403,1.584,1.421
1760709617.5402632,1.564,1.435
1760709617.5456855,1.237,1.415
1760709617.5515146,1.379,1.411
1760709617.5573692,1.602,1.431
1760709617.563201,1.534,1.441
1760709617.5687866,1.289,1.426
1760709617.5742002,1.33,1.416
1760709617.5800347,1.442,1.419
1760709617.5858312,1.366,1.413
1760709617.5912538,1.182,1.39
1760709617.5970836,1.237,1.375
1760709617.602918,1.474,1.385
1760709617.6088715,1.443,1.391
1760709617.614299,1.255,1.377
1760709617.6197164,1.303,1.37
1760709617.625553,1.585,1.391
1760709617.6314104,1.596,1.412
1760709617.636888,1.35,1.406
1760709617.6425447,1.413,1.406
1760709617.6483808,1.534,1.419
1760709617.6538022,1.457,1.423
1760709617.6592646,1.293,1.41
1760709617.665114,1.366,1.406
1760709617.6705334,1.563,1.421
1760709617.6763742,1.493,1.428
1760709617.6817913,1.227,1.408
1760709617.6876245,1.311,1.399
1760709617.6936233,1.511,1.41
1760709617.6990445,1.336,1.402
1760709617.704494,1.188,1.381
1760709617.709906,1.31,1.374
1760709617.7154016,1.59,1.396
1760709617.7209451,1.579,1.414
1760709617.7268503,1.293,1.402
1760709617.7326896,1.419,1.404
1760709617.7381213,1.584,1.422
1760709617.7439635,1.486,1.428
1760709617.7494123,1.354,1.421
1760709617.755246,1.39,1.418
1760709617.7608728,1.531,1.429
1760709617.7667062,1.484,1.434
1760709617.7721887,1.277,1.419
1760709617.7779682,1.368,1.414
1760709617.783814,1.537,1.426
1760709617.7892897,1.446,1.428
1760709617.794921,1.228,1.408
1760709617.8005996,1.461,1.413
1760709617.806535,1.658,1.438
1760709617.8119457,1.575,1.451
1760709617.8177383,1.337,1.44
1760709617.8233614,1.483,1.444
1760709617.8290622,1.638,1.464
1760709617.834895,1.514,1.469
1760709617.8403428,1.352,1.457
1760709617.8457906,1.393,1.451
1760709617.8516185,1.534,1.459
1760709617.8574643,1.445,1.458
1760709617.8632946,1.237,1.436
1760709617.8690662,1.319,1.424
1760709617.874543,1.548,1.436
1760709617.88038,1.475,1.44
1760709617.8857927,1.384,1.435
1760709617.8916273,1.387,1.43
1760709617.897489,1.521,1.439
1760709617.9033198,1.595,1.454
1760709617.9087365,1.335,1.443
1760709617.9141562,1.46,1.444
1760709617.919489,1.721,1.472
1760709617.9248204,1.609,1.486
1760709617.9301476,1.341,1.471
1760709617.9354787,1.38,1.462
1760709617.940809,1.517,1.468
1760709617.9461353,1.426,1.463
1760709617.951462,1.235,1.441
1760709617.9567926,1.292,1.426
1760709617.9621274,1.588,1.442
1760709617.9674642,1.527,1.45
1760709617.9727938,1.575,1.463
1760709617.9781852,1.655,1.482
1760709617.9836867,1.705,1.504
1760709617.9891243,1.555,1.51
1760709617.9945521,1.421,1.501
1760709618.0004604,1.458,1.496
1760709618.0057988,1.55,1.502
1760709618.0111291,1.457,1.497
1760709618.0164366,1.22,1.47
1760709618.0218573,1.225,1.445
1760709618.0276802,1.38,1.439
1760709618.033101,1.339,1.429
1760709618.0389395,1.182,1.404
1760709618.0446002,1.299,1.394
1760709618.0500162,1.551,1.409
1760709618.0554113,1.588,1.427
1760709618.0608935,1.488,1.433
1760709618.0663188,1.516,1.441
1760709618.0721502,1.644,1.462
1760709618.077984,1.642,1.48
1760709618.0838218,1.555,1.487
1760709618.0893078,1.448,1.483
1760709618.0947492,1.575,1.493
1760709618.1002645,1.433,1.487
1760709618.1056745,1.211,1.459
1760709618.111095,1.313,1.444
1760709618.1165323,1.484,1.448
1760709618.1219769,1.465,1.45
1760709618.1278124,1.302,1.435
1760709618.1333039,1.387,1.43
1760709618.1387255,1.741,1.461
1760709618.1441605,1.552,1.471
1760709618.14958,1.356,1.459
1760709618.155316,1.513,1.465
1760709618.1607797,1.613,1.479
1760709618.166205,1.535,1.485
1760709618.1720338,1.376,1.474
1760709618.1778917,1.427,1.469
1760709618.1833138,1.509,1.473
1760709618.1890526,1.4,1.466
1760709618.1945112,1.115,1.431
1760709618.1999826,1.343,1.422
1760709618.2054594,1.663,1.446
1760709618.2108812,1.374,1.439
1760709618.2163026,1.272,1.422
1760709618.2219598,1.592,1.439
1760709618.227797,1.676,1.463
1760709618.2336743,1.6,1.477
1760709618.2391262,1.377,1.467
1760709618.2449684,1.482,1.468
1760709618.2504637,1.658,1.487
1760709618.2562964,1.485,1.487
1760709618.2616892,1.324,1.471
1760709618.267165,1.355,1.459
1760709618.2728722,1.467,1.46
1760709618.2787955,1.423,1.456
1760709618.2842271,1.268,1.437
1760709618.2896526,1.368,1.43
1760709618.2951035,1.56,1.443
1760709618.3005447,1.454,1.444
1760709618.306378,1.409,1.441
1760709618.311802,1.42,1.439
1760709618.3175519,1.641,1.459
1760709618.323214,1.548,1.468
1760709618.32905,1.416,1.463
1760709618.3344617,1.44,1.46
1760709618.3403924,1.556,1.47
1760709618.3457518,1.445,1.468
1760709618.3511329,1.289,1.45
1760709618.356476,1.326,1.437
1760709618.361846,1.508,1.444
1760709618.3672466,1.413,1.441
1760709618.3725765,1.262,1.423
1760709618.3779044,1.391,1.42
1760709618.3832395,1.564,1.434
1760709618.3888636,1.429,1.434
1760709618.3944747,1.349,1.425
1760709618.4003198,1.472,1.43
1760709618.4058337,1.726,1.46
1760709618.4112592,1.661,1.48
1760709618.416685,1.396,1.471
1760709618.422506,1.507,1.475
1760709618.4283433,1.661,1.494
1760709618.4339774,1.527,1.497
1760709618.4395678,1.318,1.479
1760709618.4454567,1.393,1.47
1760709618.4513013,1.52,1.475
1760709618.4571338,1.437,1.471
1760709618.4631038,1.289,1.453
1760709618.4689398,1.45,1.453
1760709618.4747684,1.625,1.47
1760709618.4801924,1.5,1.473
1760709618.4858196,1.284,1.454
1760709618.4912283,1.525,1.461
1760709618.4970615,1.614,1.477
1760709618.502895,1.497,1.479
1760709618.5083432,1.527,1.483
1760709618.5139682,1.496,1.485
1760709618.5193794,1.613,1.498
1760709618.5252378,1.492,1.497
1760709618.531081,1.332,1.481
1760709618.5365224,1.395,1.472
1760709618.5419598,1.487,1.473
1760709618.5475433,1.396,1.466
1760709618.553425,1.305,1.45
1760709618.5590327,1.354,1.44
1760709618.564893,1.472,1.443
1760709618.5702393,1.45,1.444
1760709618.5756729,1.229,1.422
1760709618.5811088,1.374,1.418
1760709618.586941,1.714,1.447
1760709618.592778,1.328,1.435
1760709618.5984175,1.292,1.421
1760709618.60404,1.397,1.419
1760709618.6095033,1.565,1.433
1760709618.615347,1.421,1.432
1760709618.6208186,1.204,1.409
1760709618.6262898,1.345,1.403
1760709618.6322505,1.533,1.416
1760709618.6376746,1.471,1.421
1760709618.6435125,1.237,1.403
1760709618.6489458,1.381,1.401
1760709618.6547835,1.556,1.416
1760709618.6602175,1.459,1.42
1760709618.6655686,1.337,1.412
1760709618.6709814,1.566,1.427
1760709618.6763833,1.663,1.451
1760709618.681793,1.505,1.456
1760709618.6876216,1.337,1.444
1760709618.6934905,1.483,1.448
1760709618.6990213,1.592,1.463
1760709618.704856,1.366,1.453
1760709618.710272,1.271,1.435
1760709618.7157116,1.395,1.431
1760709618.7212055,1.627,1.45
1760709618.7266252,1.376,1.443
1760709618.7324674,1.168,1.415
1760709618.737972,1.53,1.427
1760709618.7438054,1.667,1.451
1760709618.7494323,1.569,1.463
1760709618.755226,1.4,1.456
1760709618.7607374,1.527,1.463
1760709618.7665727,1.612,1.478
1760709618.772097,1.494,1.48
1760709618.777977,1.348,1.467
1760709618.7838137,1.38,1.458
1760709618.7892835,1.546,1.467
1760709618.7947185,1.464,1.467
1760709618.8005538,1.276,1.448
1760709618.8063881,1.431,1.446
1760709618.8120065,1.611,1.462
1760709618.8175309,1.48,1.464
1760709618.8232372,1.321,1.45
1760709618.8290863,1.322,1.437
1760709618.8344972,1.525,1.446
1760709618.8399425,1.48,1.449
1760709618.8454227,1.4,1.444
1760709618.851258,1.496,1.45
1760709618.8570917,1.638,1.468
1760709618.8626473,1.487,1.47
1760709618.8680851,1.323,1.455
1760709618.8735433,1.404,1.45
1760709618.879108,1.52,1.457
1760709618.8849962,1.444,1.456
1760709618.8904207,1.289,1.439
1760709618.8963833,1.375,1.433
1760709618.9019635,1.547,1.444
1760709618.9077919,1.48,1.448
1760709618.91322,1.289,1.432
1760709618.918571,1.395,1.428
1760709618.924026,1.509,1.436
1760709618.9293804,1.393,1.432
1760709618.934713,1.276,1.416
1760709618.9400437,1.405,1.415
1760709618.9453917,1.63,1.437
1760709618.9507213,1.442,1.437
1760709618.9560525,1.302,1.424
1760709618.961418,1.513,1.433
1760709618.9667895,1.63,1.453
1760709618.9721177,1.478,1.455
1760709618.9774473,1.153,1.425
1760709618.9829144,1.488,1.431
1760709618.9885294,1.586,1.447
1760709618.9939659,1.486,1.451
1760709618.9993722,1.377,1.443
1760709619.0048184,1.431,1.442
1760709619.0101438,1.534,1.451
1760709619.0154352,1.467,1.453
1760709619.0207636,1.326,1.44
1760709619.026176,1.493,1.446
1760709619.031586,1.625,1.464
1760709619.0372293,1.472,1.464
1760709619.0426338,1.237,1.442
1760709619.0482395,1.382,1.436
1760709619.0537567,1.592,1.451
1760709619.0591612,1.339,1.44
1760709619.064586,1.237,1.42
1760709619.0699856,1.38,1.416
1760709619.0753949,1.509,1.425
1760709619.0810056,1.359,1.419
1760709619.0864153,1.354,1.412
1760709619.091818,1.45,1.416
1760709619.09767,1.562,1.43
1760709619.1031084,1.455,1.433
1760709619.1085823,1.274,1.417
1760709619.1139796,1.431,1.418
1760709619.1194594,1.586,1.435
1760709619.1249304,1.435,1.435
1760709619.1303415,1.343,1.426
1760709619.13578,1.524,1.436
1760709619.1412327,1.712,1.463
1760709619.1470582,1.509,1.468
1760709619.1524956,1.418,1.463
1760709619.157901,1.572,1.474
1760709619.1637363,1.753,1.502
1760709619.1692243,1.62,1.514
1760709619.1746943,1.419,1.504
1760709619.180146,1.648,1.519
1760709619.1856265,1.715,1.538
1760709619.1910996,1.545,1.539
1760709619.1969497,1.377,1.523
1760709619.2027824,1.494,1.52
1760709619.2082884,1.586,1.526
1760709619.2139716,1.538,1.528
1760709619.2198088,1.144,1.489
1760709619.2256527,1.392,1.479
1760709619.2311478,1.674,1.499
1760709619.236979,1.527,1.502
1760709619.2428093,1.34,1.486
1760709619.2484846,1.543,1.491
1760709619.253982,1.716,1.514
1760709619.259464,1.545,1.517
1760709619.2651484,1.328,1.498
1760709619.2709765,1.385,1.487
1760709619.2763796,1.417,1.48
1760709619.281791,1.46,1.478
1760709619.28762,1.133,1.443
1760709619.2934816,1.32,1.431
1760709619.2990763,1.714,1.459
1760709619.3049164,1.517,1.465
1760709619.3103287,1.505,1.469
1760709619.31575,1.563,1.478
1760709619.3211634,1.665,1.497
1760709619.3269885,1.537,1.501
1760709619.3324594,1.398,1.491
1760709619.3379717,1.599,1.502
1760709619.3433964,1.741,1.525
1760709619.3487277,1.604,1.533
1760709619.3540685,1.438,1.524
1760709619.3595378,1.584,1.53
1760709619.3649976,1.629,1.54
1760709619.370392,1.34,1.52
1760709619.3758852,1.008,1.469
1760709619.3813357,1.182,1.44
1760709619.3867528,1.47,1.443
1760709619.3926907,1.274,1.426
1760709619.39812,1.181,1.402
1760709619.4039395,1.359,1.397
1760709619.4093947,1.62,1.42
1760709619.4152317,1.423,1.42
1760709619.4207053,1.318,1.41
1760709619.42612,1.509,1.42
1760709619.4315965,1.808,1.458
1760709619.4374447,1.513,1.464
1760709619.4432771,1.319,1.449
1760709619.4488049,1.552,1.46
1760709619.454181,1.606,1.474
1760709619.4595919,1.367,1.464
1760709619.465059,1.307,1.448
1760709619.4704137,1.543,1.457
1760709619.4762015,1.504,1.462
1760709619.4816265,1.612,1.477
1760709619.4874532,1.418,1.471
1760709619.4933152,1.436,1.468
1760709619.4987357,1.816,1.503
1760709619.5041754,1.538,1.506
1760709619.5098648,1.334,1.489
1760709619.5152888,1.55,1.495
1760709619.5211213,1.722,1.518
1760709619.5269587,1.546,1.521
1760709619.5325487,1.316,1.5
1760709619.5379965,1.521,1.502
1760709619.5438375,1.755,1.527
1760709619.5492785,1.516,1.526
1760709619.554801,1.365,1.51
1760709619.5606391,1.592,1.518
1760709619.566049,1.682,1.535
1760709619.5713823,1.535,1.535
1760709619.5767124,1.285,1.51
1760709619.5820572,1.614,1.52
1760709619.5873854,1.823,1.55
1760709619.592713,1.525,1.548
1760709619.5980606,1.294,1.523
1760709619.603397,1.517,1.522
1760709619.6087275,1.658,1.536
1760709619.6140506,1.444,1.526
1760709619.6193757,1.237,1.497
1760709619.6247058,1.476,1.495
1760709619.630043,1.592,1.505
1760709619.6356323,1.531,1.508
1760709619.640967,1.349,1.492
1760709619.6463704,1.588,1.501
1760709619.6516988,1.65,1.516
1760709619.6573322,1.53,1.517
1760709619.6629367,1.35,1.501
1760709619.6684139,1.523,1.503
1760709619.6738205,1.779,1.53
1760709619.6792707,1.463,1.524
1760709619.6850998,1.214,1.493
1760709619.6905131,1.299,1.473
1760709619.696347,1.702,1.496
1760709619.7019691,1.5,1.497
1760709619.707804,1.237,1.471
1760709619.7136667,1.526,1.476
1760709619.719091,1.735,1.502
1760709619.724955,1.463,1.498
1760709619.7307875,1.316,1.48
1760709619.7362251,1.586,1.491
1760709619.741649,1.766,1.518
1760709619.747482,1.548,1.521
1760709619.7533565,1.347,1.504
1760709619.7587783,1.546,1.508
1760709619.7642157,1.667,1.524
1760709619.7699788,1.546,1.526
1760709619.7758157,1.168,1.49
1760709619.781491,1.447,1.486
1760709619.787324,1.638,1.501
1760709619.7927358,1.333,1.484
1760709619.7981656,1.304,1.466
1760709619.8040133,1.48,1.468
1760709619.809584,1.578,1.479
1760709619.8152103,1.481,1.479
1760709619.821172,1.301,1.461
1760709619.8265865,1.507,1.466
1760709619.832434,1.65,1.484
1760709619.8380346,1.461,1.482
1760709619.8440316,1.359,1.47
1760709619.8495178,1.577,1.48
1760709619.8548667,1.742,1.507
1760709619.8601959,1.496,1.506
1760709619.8655736,1.289,1.484
1760709619.8714054,1.463,1.482
1760709619.8768468,1.604,1.494
1760709619.8823178,1.401,1.485
1760709619.88815,1.266,1.463
1760709619.8939826,1.447,1.461
1760709619.8994517,1.675,1.483
1760709619.904911,1.426,1.477
1760709619.9103196,1.301,1.459
1760709619.915663,1.505,1.464
1760709619.9209943,1.679,1.486
1760709619.926325,1.48,1.485
1760709619.9316585,1.351,1.472
1760709619.9369948,1.534,1.478
1760709619.9423213,1.7,1.5
1760709619.947649,1.387,1.489
1760709619.9529808,1.278,1.468
1760709619.9583616,1.509,1.472
1760709619.9636989,1.715,1.496
1760709619.9690232,1.418,1.488
1760709619.974374,1.225,1.462
1760709619.9796917,1.497,1.465
1760709619.985079,1.667,1.486
1760709619.9905095,1.38,1.475
1760709619.9963377,1.192,1.447
1760709620.0017228,1.547,1.457
1760709620.0070913,1.688,1.48
1760709620.0123005,1.509,1.483
1760709620.0175126,1.322,1.467
1760709620.0229287,1.606,1.481
1760709620.0288804,1.64,1.497
1760709620.034288,1.465,1.493
1760709620.039701,1.315,1.476
1760709620.04523,1.551,1.483
1760709620.0507054,1.675,1.502
1760709620.0565894,1.446,1.497
1760709620.0620024,1.269,1.474
1760709620.0674365,1.517,1.478
1760709620.0731757,1.701,1.501
1760709620.0787034,1.43,1.494
1760709620.084108,1.347,1.479
1760709620.0895758,1.542,1.485
1760709620.0950184,1.598,1.496
1760709620.1004634,1.483,1.495
1760709620.1058745,1.324,1.478
1760709620.1112955,1.494,1.48
1760709620.1167002,1.625,1.494
1760709620.1221223,1.49,1.494
1760709620.1279547,1.357,1.48
1760709620.1340165,1.56,1.488
1760709620.1394453,1.643,1.504
1760709620.1448789,1.393,1.493
1760709620.1502876,1.222,1.465
1760709620.1562448,1.481,1.467
1760709620.1616492,1.638,1.484
1760709620.1671007,1.498,1.486
1760709620.1728673,1.13,1.45
1760709620.1782815,1.844,1.489
1760709620.1840377,1.612,1.502
1760709620.1895268,1.367,1.488
1760709620.1949494,1.33,1.472
1760709620.2003899,1.612,1.486
1760709620.2058008,1.629,1.501
1760709620.2112236,1.354,1.486
1760709620.216615,1.275,1.465
1760709620.222019,1.447,1.463
1760709620.2277074,1.612,1.478
1760709620.2332716,1.388,1.469
1760709620.2387655,1.287,1.451
1760709620.2442021,1.567,1.462
1760709620.249614,1.671,1.483
1760709620.2550426,1.419,1.477
1760709620.260879,1.395,1.469
1760709620.266368,1.79,1.501
1760709620.2722082,1.738,1.525
1760709620.277969,1.561,1.528
1760709620.2833831,1.315,1.507
1760709620.2890332,1.513,1.507
1760709620.294493,1.459,1.503
1760709620.299839,1.405,1.493
1760709620.3052478,1.331,1.477
1760709620.3107255,1.55,1.484
1760709620.3165693,1.65,1.501
1760709620.3219786,1.376,1.488
1760709620.3278158,1.302,1.47
1760709620.3336706,1.463,1.469
1760709620.3391209,1.55,1.477
1760709620.344561,1.297,1.459
1760709620.3499002,1.237,1.437
1760709620.3552334,1.565,1.45
1760709620.3605602,1.611,1.466
1760709620.3659604,1.459,1.465
1760709620.3717148,1.35,1.454
1760709620.377558,1.945,1.503
1760709620.3833213,1.719,1.524
1760709620.3892384,1.29,1.501
1760709620.3947814,1.367,1.487
1760709620.4001868,1.363,1.475
1760709620.4055555,1.463,1.474
1760709620.4110224,1.217,1.448
1760709620.4164362,1.135,1.417
1760709620.421979,1.388,1.414
1760709620.4278083,1.476,1.42
1760709620.433265,1.276,1.406
1760709620.438683,1.237,1.389
1760709620.4441404,1.469,1.397
1760709620.4495628,1.511,1.408
1760709620.4553983,1.367,1.404
1760709620.460835,1.301,1.394
1760709620.4663026,1.522,1.407
1760709620.47213,1.568,1.423
1760709620.4776,1.354,1.416
1760709620.483492,1.2,1.394
1760709620.4890199,1.483,1.403
1760709620.4949725,1.444,1.407
1760709620.5008018,1.272,1.394
1760709620.5066276,1.198,1.374
1760709620.5125685,1.496,1.386
1760709620.5179772,1.575,1.405
1760709620.5237775,1.294,1.394
1760709620.529272,1.301,1.385
1760709620.5350986,1.571,1.403
1760709620.5409596,1.628,1.426
1760709620.5467875,1.398,1.423
1760709620.5526133,1.328,1.414
1760709620.5580366,1.632,1.435
1760709620.563876,1.576,1.449
1760709620.5693374,1.404,1.445
1760709620.575194,1.344,1.435
1760709620.5811334,1.548,1.446
1760709620.5864737,1.604,1.462
1760709620.5919564,1.443,1.46
1760709620.5977943,1.209,1.435
1760709620.6036365,1.509,1.442
1760709620.6090739,1.65,1.463
1760709620.614499,1.34,1.451
1760709620.6199238,1.297,1.435
1760709620.6257627,1.584,1.45
1760709620.6314104,1.658,1.471
1760709620.6372812,1.355,1.46
1760709620.6446662,1.197,1.433
1760709620.6500895,1.559,1.446
1760709620.6555707,1.65,1.466
1760709620.6614418,1.354,1.455
1760709620.6672804,1.262,1.436
1760709620.6731102,1.559,1.448
1760709620.6789505,1.613,1.464
1760709620.684908,1.308,1.449
1760709620.6907222,1.382,1.442
1760709620.6965554,1.444,1.442
1760709620.7019987,1.466,1.445
1760709620.7078402,0.971,1.397
1760709620.7136812,1.267,1.384
1760709620.7191226,1.455,1.391
1760709620.724976,1.61,1.413
1760709620.7308102,1.319,1.404
1760709620.7367642,1.237,1.387
1760709620.7426944,1.581,1.407
1760709620.7481787,1.641,1.43
1760709620.7537386,1.343,1.421
1760709620.7591693,1.236,1.403
1760709620.7650032,1.519,1.414
1760709620.7704434,1.599,1.433
1760709620.7759836,1.308,1.42
1760709620.7814558,1.227,1.401
1760709620.7868688,1.506,1.412
1760709620.79271,1.596,1.43
1760709620.7981412,1.345,1.421
1760709620.8039315,1.291,1.408
1760709620.8096,1.56,1.424
1760709620.8150172,1.601,1.441
1760709620.8205302,1.268,1.424
1760709620.8259654,1.149,1.397
1760709620.8313634,1.495,1.406
1760709620.8370812,1.617,1.427
1760709620.842916,1.31,1.416
1760709620.848762,1.258,1.4
1760709620.8541949,1.619,1.422
1760709620.8596087,1.791,1.459
1760709620.8650115,1.43,1.456
1760709620.8703613,1.404,1.451
1760709620.87619,1.638,1.469
1760709620.881587,1.703,1.493
1760709620.886998,1.364,1.48
1760709620.8928301,1.324,1.464
1760709620.8982515,1.596,1.478
1760709620.9039671,1.625,1.492
1760709620.9094143,1.328,1.476
1760709620.9148214,1.261,1.454
1760709620.9201515,1.494,1.458
1760709620.9254816,1.548,1.467
1760709620.9308195,1.31,1.452
1760709620.9361477,1.305,1.437
1760709620.941503,1.565,1.45
1760709620.9468348,1.691,1.474
1760709620.9521623,1.416,1.468
1760709620.9577713,1.38,1.459
1760709620.9631097,1.587,1.472
1760709620.968439,1.638,1.489
1760709620.973837,1.405,1.48
1760709620.9791632,1.348,1.467
1760709620.984576,1.573,1.478
1760709620.990051,1.604,1.49
1760709620.9959416,1.319,1.473
1760709621.0014384,1.288,1.455
1760709621.0067813,1.529,1.462
1760709621.0123181,1.573,1.473
1760709621.0178497,1.219,1.448
1760709621.0235357,1.119,1.415
1760709621.02922,1.492,1.423
1760709621.0346725,1.516,1.432
1760709621.0405023,1.405,1.429
1760709621.0463881,1.301,1.417
1760709621.0522187,1.575,1.432
1760709621.0579703,1.655,1.455
1760709621.063806,1.438,1.453
1760709621.069419,1.357,1.443
1760709621.0748289,1.59,1.458
1760709621.0806644,1.617,1.474
1760709621.0860772,1.237,1.45
1760709621.0914874,1.183,1.424
1760709621.097352,1.463,1.427
1760709621.1031816,1.592,1.444
1760709621.1088378,1.276,1.427
1760709621.1141715,1.237,1.408
1760709621.1195269,1.555,1.423
1760709621.1248548,1.624,1.443
1760709621.1302667,1.327,1.431
1760709621.1357,1.237,1.412
1760709621.1411195,1.743,1.445
1760709621.1465092,1.792,1.48
1760709621.1523442,1.538,1.486
1760709621.1578705,1.513,1.488
1760709621.1637082,1.741,1.514
1760709621.1691267,1.784,1.541
1760709621.174727,1.394,1.526
1760709621.1801326,1.365,1.51
1760709621.1855817,1.324,1.491
1760709621.1909828,1.511,1.493
1760709621.196373,1.152,1.459
1760709621.20183,1.161,1.429
1760709621.207238,1.509,1.437
1760709621.212645,1.563,1.45
1760709621.218062,1.289,1.434
1760709621.2238913,1.258,1.416
1760709621.2293422,1.646,1.439
1760709621.2347524,1.744,1.47
1760709621.2403708,1.395,1.462
1760709621.245842,1.383,1.454
1760709621.251729,1.54,1.463
1760709621.2571504,1.603,1.477
1760709621.2629764,1.49,1.478
1760709621.2689462,1.424,1.473
1760709621.2748284,1.675,1.493
1760709621.2806606,1.604,1.504
1760709621.2861006,1.263,1.48
1760709621.291831,1.135,1.446
1760709621.297664,1.562,1.457
1760709621.303497,1.612,1.473
1760709621.308919,1.339,1.459
1760709621.3148775,1.355,1.449
1760709621.320528,1.674,1.471
1760709621.3259683,1.65,1.489
1760709621.331416,1.355,1.476
1760709621.3372943,1.379,1.466
1760709621.3431242,1.636,1.483
1760709621.3485386,1.574,1.492
1760709621.3538723,1.285,1.472
1760709621.359273,1.301,1.454
1760709621.3651052,1.53,1.462
1760709621.370516,1.476,1.463
1760709621.3763454,1.158,1.433
1760709621.381762,1.132,1.403
1760709621.387589,1.495,1.412
1760709621.3934681,1.632,1.434
1760709621.398873,1.388,1.429
1760709621.4042847,1.26,1.412
1760709621.4099817,1.695,1.441
1760709621.4158175,1.692,1.466
1760709621.4217393,1.375,1.457
1760709621.4275694,1.308,1.442
1760709621.4334486,1.604,1.458
1760709621.4390285,1.579,1.47
1760709621.444883,1.29,1.452
1760709621.450705,1.343,1.441
1760709621.4561334,1.597,1.457
1760709621.4615111,1.612,1.472
1760709621.466996,1.26,1.451
1760709621.4728284,1.237,1.43
1760709621.4782443,1.563,1.443
1760709621.4839766,1.59,1.458
1760709621.4895759,1.229,1.435
1760709621.4950175,1.255,1.417
1760709621.5005734,1.595,1.435
1760709621.5059943,1.551,1.446
1760709621.511418,1.319,1.434
1760709621.5168374,1.38,1.428
1760709621.522779,1.569,1.442
1760709621.5286245,1.701,1.468
1760709621.5340319,1.374,1.459
1760709621.5398836,1.43,1.456
1760709621.5455008,1.637,1.474
1760709621.5514214,1.68,1.495
1760709621.5572813,1.285,1.474
1760709621.5626926,1.177,1.444
1760709621.568082,1.472,1.447
1760709621.5735445,1.488,1.451
1760709621.5788682,1.226,1.428
1760709621.584262,1.237,1.409
1760709621.589585,1.308,1.399
1760709621.5951612,1.432,1.402
1760709621.6009755,1.509,1.413
1760709621.6068087,1.572,1.429
1760709621.612642,1.878,1.474
1760709621.618083,1.785,1.505
1760709621.6235113,1.434,1.498
1760709621.628971,1.447,1.493
1760709621.6343985,1.617,1.505
1760709621.640234,1.534,1.508
1760709621.6456711,1.047,1.462
1760709621.651503,1.147,1.43
1760709621.657381,1.483,1.436
1760709621.6632147,1.442,1.436
1760709621.668647,1.218,1.414
1760709621.6740685,1.394,1.412
1760709621.6799388,1.547,1.426
1760709621.6854732,1.469,1.43
1760709621.6913064,1.002,1.387
1760709621.6971388,1.203,1.369
1760709621.7025754,1.791,1.411
1760709621.7080188,1.813,1.451
1760709621.713864,1.431,1.449
1760709621.7192638,1.393,1.444
1760709621.724682,1.641,1.463
1760709621.7304802,1.536,1.471
1760709621.7359998,1.223,1.446
1760709621.7418332,1.199,1.421
1760709621.7476664,1.501,1.429
1760709621.7531528,1.48,1.434
1760709621.7590141,1.212,1.412
1760709621.7648635,1.265,1.397
1760709621.7703066,1.593,1.417
1760709621.7761326,1.559,1.431
1760709621.781569,1.231,1.411
1760709621.7874033,1.271,1.397
1760709621.7932856,1.741,1.431
1760709621.7989593,1.661,1.454
1760709621.804796,1.341,1.443
1760709621.8105938,1.397,1.438
1760709621.8159726,1.455,1.44
1760709621.8217902,1.517,1.448
1760709621.8276186,1.265,1.43
1760709621.8334777,1.264,1.413
1760709621.8389473,1.551,1.427
1760709621.844572,1.5,1.434
1760709621.849993,1.216,1.412
1760709621.8554308,1.267,1.398
1760709621.861292,1.575,1.415
1760709621.866779,1.526,1.427
1760709621.8726149,1.285,1.412
1760709621.8780153,1.302,1.401
1760709621.8838525,1.534,1.415
1760709621.8892977,1.596,1.433
1760709621.894711,1.327,1.422
1760709621.9001293,1.423,1.422
1760709621.9056764,1.694,1.45
1760709621.911094,1.525,1.457
1760709621.916429,1.263,1.438
1760709621.9217584,1.277,1.422
1760709621.9270859,1.564,1.436
1760709621.9324114,1.45,1.437
1760709621.937739,1.121,1.406
1760709621.9430707,1.159,1.381
1760709621.9486842,1.608,1.404
1760709621.9539936,1.559,1.419
1760709621.9593256,1.161,1.393
1760709621.9646606,1.275,1.382
1760709621.9700089,1.575,1.401
1760709621.9753613,1.673,1.428
1760709621.9806852,1.393,1.425
1760709621.9860103,1.357,1.418
1760709621.991392,1.639,1.44
1760709621.99715,1.603,1.456
1760709622.002506,1.356,1.446
1760709622.0078228,1.276,1.429
1760709622.0131516,1.548,1.441
1760709622.0185325,1.58,1.455
1760709622.0239563,1.207,1.43
1760709622.0293927,1.236,1.411
1760709622.0348,1.427,1.412
1760709622.0402482,1.422,1.413
1760709622.0456398,1.268,1.399
1760709622.0514703,1.506,1.41
1760709622.0573273,1.895,1.458
1760709622.0631585,1.727,1.485
1760709622.0689392,1.361,1.473
1760709622.0744064,1.4,1.465
1760709622.0803144,1.617,1.481
1760709622.085948,1.501,1.483
1760709622.0917802,1.098,1.444
1760709622.097741,1.133,1.413
1760709622.1035745,1.393,1.411
1760709622.1089926,1.346,1.405
1760709622.1144135,0.942,1.358
1760709622.1198344,1.196,1.342
1760709622.1256843,1.559,1.364
1760709622.1312294,1.462,1.374
1760709622.1370742,1.14,1.35
1760709622.1424875,1.294,1.345
1760709622.1483805,1.617,1.372
1760709622.1539586,1.677,1.402
1760709622.1593738,1.347,1.397
1760709622.1652513,1.289,1.386
1760709622.1707847,1.66,1.414
1760709622.1766152,1.592,1.431
1760709622.182026,1.203,1.409
1760709622.1878724,1.227,1.39
1760709622.1937177,1.508,1.402
1760709622.1991937,1.472,1.409
1760709622.2050264,1.027,1.371
1760709622.2108636,1.272,1.361
1760709622.2162685,1.56,1.381
1760709622.2216783,1.492,1.392
1760709622.2273176,1.164,1.369
1760709622.232723,1.35,1.367
1760709622.2381399,1.592,1.39
1760709622.2439296,1.584,1.409
1760709622.2493718,1.237,1.392
1760709622.2547863,1.314,1.384
1760709622.2606213,1.608,1.406
1760709622.2660396,1.516,1.417
1760709622.271866,1.198,1.395
1760709622.2777271,1.216,1.377
1760709622.283151,1.484,1.388
1760709622.2889328,1.393,1.389
1760709622.2943728,1.105,1.36
1760709622.3001275,1.189,1.343
1760709622.3057375,1.482,1.357
1760709622.3114996,1.454,1.367
1760709622.316985,1.21,1.351
1760709622.322422,1.297,1.346
1760709622.328382,1.61,1.372
1760709622.3339736,1.542,1.389
1760709622.3398387,1.21,1.371
1760709622.3454854,1.213,1.355
1760709622.3508182,1.54,1.374
1760709622.3561506,1.509,1.387
1760709622.3615892,1.201,1.369
1760709622.367015,1.393,1.371
1760709622.3728476,1.517,1.386
1760709622.3787796,1.552,1.402
1760709622.3842013,1.306,1.393
1760709622.3895054,1.283,1.382
1760709622.394781,1.596,1.403
1760709622.400544,1.446,1.407
1760709622.4060214,1.118,1.378
1760709622.4114287,1.225,1.363
1760709622.4168983,1.513,1.378
1760709622.4223735,1.47,1.387
1760709622.4282057,1.184,1.367
1760709622.4339345,1.291,1.359
1760709622.439846,1.553,1.379
1760709622.4453363,1.593,1.4
1760709622.4511678,1.187,1.379
1760709622.457003,1.326,1.374
1760709622.4628253,1.737,1.41
1760709622.4683096,1.663,1.435
1760709622.473731,1.461,1.438
1760709622.479191,1.49,1.443
1760709622.4846697,1.763,1.475
1760709622.4901044,1.681,1.496
1760709622.4955275,1.463,1.492
1760709622.5013876,1.518,1.495
1760709622.5072136,1.684,1.514
1760709622.5130432,1.559,1.518
1760709622.5183764,1.292,1.496
1760709622.524197,1.311,1.477
1760709622.5299828,1.436,1.473
1760709622.5358262,1.318,1.458
1760709622.5413067,1.04,1.416
1760709622.5467277,1.146,1.389
1760709622.5525663,1.281,1.378
1760709622.5579913,1.49,1.389
1760709622.5638201,1.225,1.373
1760709622.5693212,1.397,1.375
1760709622.5747364,1.676,1.405
1760709622.5805671,1.534,1.418
1760709622.5861032,1.225,1.399
1760709622.591526,1.359,1.395
1760709622.5975282,1.596,1.415
1760709622.6033597,1.511,1.425
1760709622.6092112,1.176,1.4
1760709622.6146338,1.227,1.383
1760709622.6202095,1.56,1.4
1760709622.6259732,1.458,1.406
1760709622.6313953,1.121,1.378
1760709622.636977,1.2,1.36
1760709622.6428068,1.538,1.378
1760709622.6482184,1.457,1.386
1760709622.6536622,1.148,1.362
1760709622.6595035,1.182,1.344
1760709622.6649303,1.442,1.354
1760709622.6708393,1.433,1.361
1760709622.6764226,1.122,1.338
1760709622.6818554,1.235,1.327
1760709622.6876996,1.524,1.347
1760709622.6935437,1.45,1.357
1760709622.699366,1.171,1.339
1760709622.7052472,1.214,1.326
1760709622.7107313,1.502,1.344
1760709622.716178,1.408,1.35
1760709622.7219582,1.222,1.337
1760709622.7277915,1.316,1.335
1760709622.733624,1.688,1.37
1760709622.7393339,1.69,1.402
1760709622.744766,1.393,1.401
1760709622.7507489,1.46,1.407
1760709622.7565742,1.674,1.434
1760709622.7624152,1.497,1.44
1760709622.7678893,1.148,1.411
1760709622.773576,1.299,1.4
1760709622.7794068,1.488,1.409
1760709622.7852387,1.305,1.398
1760709622.7906551,0.978,1.356
1760709622.7964876,1.135,1.334
1760709622.801974,1.442,1.345
1760709622.8077188,1.418,1.352
1760709622.8131387,1.149,1.332
1760709622.8186147,1.289,1.328
1760709622.8240333,1.607,1.355
1760709622.829894,1.519,1.372
1760709622.8353424,1.276,1.362
1760709622.8407671,1.335,1.36
1760709622.8461828,1.54,1.378
1760709622.8520176,1.364,1.376
1760709622.857872,1.011,1.34
1760709622.8637102,1.094,1.315
1760709622.869385,1.405,1.324
1760709622.8747997,1.289,1.321
1760709622.8801956,1.096,1.298
1760709622.885563,1.237,1.292
1760709622.890975,1.594,1.322
1760709622.8964357,1.472,1.337
1760709622.90197,1.144,1.318
1760709622.9077997,1.301,1.316
1760709622.9131331,1.844,1.369
1760709622.9184654,1.746,1.407
1760709622.9237976,1.488,1.415
1760709622.929128,1.573,1.431
1760709622.93446,1.733,1.461
1760709622.939788,1.584,1.473
1760709622.945119,1.163,1.442
1760709622.95045,1.295,1.427
1760709622.9557824,1.466,1.431
1760709622.9611297,1.282,1.416
1760709622.9664874,0.967,1.371
1760709622.9718144,1.081,1.342
1760709622.9771407,1.426,1.351
1760709622.98254,1.38,1.354
1760709622.9881437,1.042,1.322
1760709622.9939904,1.268,1.317
1760709622.9994493,1.656,1.351
1760709623.0048604,1.584,1.374
1760709623.010196,1.372,1.374
1760709623.0156562,1.507,1.387
1760709623.0209856,1.825,1.431
1760709623.0264,1.581,1.446
1760709623.0322258,1.289,1.43
1760709623.03798,1.237,1.411
1760709623.0438187,1.37,1.407
1760709623.04969,1.272,1.393
1760709623.055319,0.96,1.35
1760709623.0611513,1.091,1.324
1760709623.0666242,1.422,1.334
1760709623.0724537,1.385,1.339
1760709623.077976,1.093,1.314
1760709623.0838065,1.101,1.293
1760709623.089664,1.534,1.317
1760709623.0951393,1.505,1.336
1760709623.101061,1.34,1.336
1760709623.1068823,1.455,1.348
1760709623.1122923,1.685,1.382
1760709623.1177025,1.633,1.407
1760709623.123109,1.524,1.419
1760709623.128943,1.522,1.429
1760709623.134413,1.692,1.455
1760709623.1402433,1.326,1.442
1760709623.1456573,0.959,1.394
1760709623.1514869,1.093,1.364
1760709623.1568956,1.393,1.367
1760709623.1623068,1.265,1.357
1760709623.1681366,1.06,1.327
1760709623.173647,1.173,1.312
1760709623.1794846,1.431,1.324
1760709623.1853757,1.381,1.329
1760709623.1909645,1.287,1.325
1760709623.1967976,1.349,1.328
1760709623.2024136,1.667,1.361
1760709623.208244,1.662,1.391
1760709623.213957,1.324,1.385
1760709623.2193851,1.405,1.387
1760709623.2252493,1.65,1.413
1760709623.231095,1.397,1.411
1760709623.23693,1.171,1.387
1760709623.2427661,1.289,1.378
1760709623.248596,1.542,1.394
1760709623.254029,1.288,1.383
1760709623.2595658,1.048,1.35
1760709623.2654424,1.163,1.331
1760709623.2708616,1.421,1.34
1760709623.2766979,1.434,1.35
1760709623.2821202,1.195,1.334
1760709623.287984,1.277,1.328
1760709623.2938242,1.612,1.357
1760709623.2992506,1.555,1.377
1760709623.3051705,1.339,1.373
1760709623.3106048,1.45,1.38
1760709623.3160446,1.66,1.408
1760709623.3218853,1.56,1.424
1760709623.3277297,1.11,1.392
1760709623.3336282,1.262,1.379
1760709623.3394635,1.474,1.389
1760709623.3449032,1.144,1.364
1760709623.3503227,1.201,1.348
1760709623.355666,1.355,1.349
1760709623.3614354,1.606,1.374
1760709623.36691,1.459,1.383
1760709623.3727446,1.264,1.371
1760709623.378175,1.366,1.37
1760709623.3840036,1.66,1.399
1760709623.3898625,1.545,1.414
1760709623.3952856,1.172,1.39
1760709623.4011157,1.343,1.385
1760709623.4065323,1.542,1.401
1760709623.4119692,1.438,1.405
1760709623.4174316,1.153,1.379
1760709623.4232702,1.236,1.365
1760709623.4290998,1.532,1.382
1760709623.4345143,1.458,1.389
1760709623.440351,1.14,1.364
1760709623.4460065,1.289,1.357
1760709623.451835,1.354,1.357
1760709623.4578114,1.437,1.365
1760709623.4636416,1.225,1.351
1760709623.4695096,1.455,1.361
1760709623.4749415,1.702,1.395
1760709623.4803772,1.522,1.408
1760709623.4857106,1.237,1.391
1760709623.491398,1.33,1.385
1760709623.4972625,1.553,1.402
1760709623.503096,1.414,1.403
1760709623.5085206,1.117,1.374
1760709623.5139747,1.197,1.356
1760709623.5194058,1.553,1.376
1760709623.5252626,1.451,1.384
1760709623.5311072,1.089,1.354
1760709623.5369523,1.268,1.346
1760709623.542789,1.533,1.364
1760709623.5486178,1.462,1.374
1760709623.554055,1.173,1.354
1760709623.5594904,1.328,1.351
1760709623.5649195,1.612,1.377
1760709623.570255,1.458,1.385
1760709623.5756075,1.233,1.37
1760709623.5809417,1.356,1.369
1760709623.5862756,1.595,1.391
1760709623.591609,1.509,1.403
1760709623.596946,1.185,1.381
1760709623.602284,1.201,1.363
1760709623.607614,1.542,1.381
1760709623.6129434,1.419,1.385
1760709623.6182761,1.143,1.361
1760709623.6236064,1.272,1.352
1760709623.6289375,1.569,1.374
1760709623.6342907,1.414,1.378
1760709623.6396966,1.158,1.356
1760709623.6455085,1.3,1.35
1760709623.6508536,1.585,1.374
1760709623.6566477,1.43,1.379
1760709623.662129,1.145,1.356
1760709623.668073,1.315,1.352
1760709623.6736271,1.646,1.381
1760709623.6790805,1.575,1.401
1760709623.684638,1.162,1.377
1760709623.6900485,1.266,1.366
1760709623.695461,1.617,1.391
1760709623.7014525,1.462,1.398
1760709623.7072835,1.172,1.375
1760709623.713113,1.473,1.385
1760709623.718527,1.521,1.399
1760709623.7243607,1.359,1.395
1760709623.72997,1.096,1.365
1760709623.7355115,1.292,1.358
1760709623.7413778,1.662,1.388
1760709623.7472389,1.506,1.4
1760709623.7530713,1.184,1.378
1760709623.7584896,1.413,1.382
1760709623.7643197,1.647,1.408
1760709623.7697415,1.67,1.434
1760709623.775573,1.363,1.427
1760709623.7811725,1.49,1.433
1760709623.7870643,1.743,1.464
1760709623.7928696,1.564,1.474
1760709623.7987778,1.019,1.429
1760709623.8044581,1.403,1.426
1760709623.8099434,1.779,1.462
1760709623.815397,1.61,1.476
1760709623.8207943,1.237,1.452
1760709623.8266332,1.302,1.437
1760709623.8320677,1.557,1.449
1760709623.8375273,1.43,1.447
1760709623.843363,1.115,1.414
1760709623.8492286,1.265,1.399
1760709623.855069,1.606,1.42
1760709623.8606336,1.427,1.421
1760709623.8664703,1.163,1.395
1760709623.8723106,1.365,1.392
1760709623.877966,1.707,1.423
1760709623.883393,1.505,1.431
1760709623.8892813,1.226,1.411
1760709623.894712,1.442,1.414
1760709623.9005497,1.716,1.444
1760709623.9063823,1.571,1.457
1760709623.911806,1.267,1.438
1760709623.9171956,1.418,1.436
1760709623.9225283,1.669,1.459
1760709623.9278598,1.508,1.464
1760709623.9332693,1.277,1.445
1760709623.9386024,1.387,1.439
1760709623.9439313,1.671,1.463
1760709623.9492881,1.563,1.473
1760709623.954626,1.281,1.453
1760709623.959959,1.462,1.454
1760709623.965353,1.715,1.48
1760709623.9706805,1.535,1.486
1760709623.9760394,1.199,1.457
1760709623.9813988,1.376,1.449
1760709623.987001,1.675,1.472
1760709623.9926057,1.548,1.479
1760709623.998015,1.237,1.455
1760709624.0034747,1.404,1.45
1760709624.0088105,1.715,1.476
1760709624.0142286,1.539,1.483
1760709624.019889,1.337,1.468
1760709624.0255222,1.444,1.466
1760709624.030967,1.735,1.493
1760709624.0363894,1.586,1.502
1760709624.0418375,1.279,1.48
1760709624.0476704,1.514,1.483
1760709624.053515,1.795,1.514
1760709624.0589354,1.639,1.527
1760709624.064775,1.301,1.504
1760709624.0706384,1.405,1.494
1760709624.0760663,1.741,1.519
1760709624.08154,1.595,1.527
1760709624.087374,1.222,1.496
1760709624.093225,1.483,1.495
1760709624.0990648,1.703,1.516
1760709624.1049166,1.51,1.515
1760709624.1107512,1.276,1.491
1760709624.1161742,1.429,1.485
1760709624.1220038,1.871,1.524
1760709624.1274364,1.733,1.544
1760709624.1328852,1.496,1.54
1760709624.138215,1.566,1.542
1760709624.1440816,1.865,1.574
1760709624.1495101,1.633,1.58
1760709624.155348,1.449,1.567
1760709624.160818,1.405,1.551
1760709624.1662595,1.472,1.543
1760709624.1720915,1.234,1.512
1760709624.177948,0.969,1.458
1760709624.1838157,1.207,1.433
1760709624.1892734,1.517,1.441
1760709624.1947143,1.365,1.434
1760709624.205724,1.617,1.457
1760709624.211467,1.375,1.449
1760709624.216891,1.304,1.434
1760709624.2227886,1.45,1.436
1760709624.2286313,1.555,1.448
1760709624.2340596,1.476,1.451
1760709624.2397676,1.346,1.44
1760709624.245248,1.537,1.45
1760709624.2510736,1.637,1.468
1760709624.2569067,1.359,1.458
1760709624.2627435,1.237,1.435
1760709624.2681658,1.393,1.431
1760709624.273684,1.579,1.446
1760709624.2791588,1.497,1.451
1760709624.2849867,1.449,1.451
1760709624.2904034,1.564,1.462
1760709624.2962368,1.625,1.478
1760709624.3019664,1.352,1.466
1760709624.3075058,1.148,1.434
1760709624.3133767,1.148,1.405
1760709624.3188558,1.227,1.388
1760709624.324382,1.225,1.371
1760709624.3297963,1.199,1.354
1760709624.3352535,1.334,1.352
1760709624.3411062,1.475,1.364
1760709624.347017,1.376,1.365
1760709624.3524477,1.233,1.352
1760709624.3577824,1.539,1.371
1760709624.3636968,1.621,1.396
1760709624.3690245,1.494,1.406
1760709624.3743625,1.393,1.404
1760709624.380193,1.506,1.415
1760709624.3855712,1.477,1.421
1760709624.3914,1.148,1.393
1760709624.3972862,1.007,1.355
1760709624.4031217,1.354,1.355
1760709624.408845,1.409,1.36
1760709624.414283,1.205,1.345
1760709624.4197023,1.224,1.333
1760709624.4255404,1.278,1.327
1760709624.4309652,1.483,1.343
1760709624.4363859,1.392,1.348
1760709624.4419808,1.323,1.345
1760709624.4478147,1.495,1.36
1760709624.4536748,1.64,1.388
1760709624.4594555,1.363,1.386
1760709624.4653437,1.275,1.374
1760709624.4713042,1.431,1.38
1760709624.477132,1.543,1.396
1760709624.4829643,1.285,1.385
1760709624.4888089,1.119,1.359
1760709624.4942687,1.301,1.353
1760709624.500111,1.505,1.368
1760709624.5055573,1.303,1.362
1760709624.5109808,1.278,1.353
1760709624.516811,1.488,1.367
1760709624.5227804,1.543,1.384
1760709624.5284586,1.514,1.397
1760709624.533902,1.308,1.388
1760709624.5393462,1.548,1.404
1760709624.544779,1.692,1.433
1760709624.5501926,1.42,1.432
1760709624.5562742,1.226,1.411
1760709624.5617013,1.409,1.411
1760709624.567124,1.588,1.429
1760709624.57296,1.314,1.417
1760709624.5783951,1.226,1.398
1760709624.5838404,1.586,1.417
1760709624.5892842,1.567,1.432
1760709624.5951881,1.292,1.418
1760709624.6010807,1.1,1.386
